
@article {PetersenPylyavskyySpeyer,
	AUTHOR = {Petersen, T. K. and Pylyavskyy, P. and Speyer, D. E.},
	TITLE = {A non-crossing standard monomial theory},
	JOURNAL = {J. Algebra},
	FJOURNAL = {Journal of Algebra},
	VOLUME = {324},
	YEAR = {2010},
	NUMBER = {5},
	PAGES = {951--969},
}

@article {SantosStumpWelker,
	AUTHOR = {Santos, F. and Stump, C. and Welker, V.},
	TITLE = {Noncrossing sets and a {G}rassmann associahedron},
	JOURNAL = {Forum Math. Sigma},
	FJOURNAL = {Forum of Mathematics. Sigma},
	VOLUME = {5},
	YEAR = {2017},
	PAGES = {e5, 49},
}

@article {McConville,
	AUTHOR = {T. McConville},
	TITLE = {Lattice structure of {G}rid-{T}amari orders},
	JOURNAL = {J. Combin. Theory Ser. A},
	FJOURNAL = {Journal of Combinatorial Theory, Series A},
	VOLUME = {148},
	YEAR = {2017},
	PAGES = {27--56},
}

@misc {GarverMcConville-grid,
	AUTHOR = {A. Garver and T. McConville},
	TITLE = {Enumerative properties of {G}rid-{A}ssociahedra},
	EPRINT = {1705.04901},
	EPRINTTYPE = {arxiv},
	YEAR = {2017},
}

@misc {PaluPilaudPlamondon,
	AUTHOR = {Y. Palu and V. Pilaud and P.-G. Plamondon},
	TITLE = {Non-kissing complexes and $\tau$-tilting for gentle algebras},
	EPRINT = {1707.07574},
	EPRINTTYPE = {arxiv},
	YEAR = {2017},
}

@misc {GarverMcConville,
	AUTHOR = {A. Garver and T. McConville},
	TITLE = {Oriented flip graphs and noncrossing tree partitions},
	EPRINT = {1604.06009},
	EPRINTTYPE = {arxiv},
	YEAR = {2016},
}

@misc {MannevillePilaud-accordion,
	AUTHOR = {T. Manneville and V. Pilaud},
	TITLE = {Geometric realizations of the accordion complex of a dissection},
	EPRINT = {1703.09953},
	EPRINTTYPE = {arxiv},
	YEAR = {2017},
}

@article {Chapoton-quadrangulations,
	AUTHOR = {F. Chapoton},
	TITLE = {Stokes posets and serpent nests},
	JOURNAL = {Discrete Math. Theor. Comput. Sci.},
	VOLUME = {18},
	NUMBER = {3},
	YEAR = {2016},
}

@incollection {Baryshnikov,
	AUTHOR = {Baryshnikov, Y.},
	TITLE = {On {S}tokes sets},
	BOOKTITLE = {New developments in singularity theory},
	SERIES = {NATO Sci. Ser. II Math. Phys. Chem.},
	VOLUME = {21},
	PAGES = {65--86},
	YEAR = {2001},
}

@article {FominZelevinsky-ClusterAlgebrasII,
	AUTHOR = {S. Fomin and A. Zelevinsky},
	TITLE = {Cluster algebras. {II}. {F}inite type classification},
	JOURNAL = {Invent. Math.},
	FJOURNAL = {Inventiones Mathematicae},
	VOLUME = {154},
	YEAR = {2003},
	NUMBER = {1},
	PAGES = {63--121},
}

@book {TamariFestschrift,
	TITLE = {Associahedra, {T}amari Lattices and Related Structures. Tamari Memorial Festschrift},
	EDITOR = {F. M{\"u}ller-Hoissen and J. Marcel Pallo and J. Stasheff},
	PUBLISHER = {Springer},
	ADDRESS = {New York},
	SERIES = {Progress in Mathematics},
	VOLUME = {299},
	YEAR = {2012},
	PAGES = {xx+433},
}

@article {HohlwegLange,
	AUTHOR = {C.~Hohlweg and C.~Lange},
	TITLE = {Realizations of the associahedron and cyclohedron},
	JOURNAL = {Discrete Comput.~Geom.},
	FJOURNAL = {Discrete \& Computational Geometry. An International Journal of Mathematics and Computer Science},
	VOLUME = {37},
	YEAR = {2007},
	NUMBER = {4},
	PAGES = {517--543}
}

@article {Reading-cambrianLattices,
	AUTHOR = {N.~Reading},
	TITLE = {Cambrian lattices},
	JOURNAL = {Adv.~Math.},
	FJOURNAL = {Advances in Mathematics},
	VOLUME = {205},
	YEAR = {2006},
	NUMBER = {2},
	PAGES = {313--353},
}

@article {ReadingSpeyer,
	AUTHOR = {N.~Reading and D.~E.~Speyer},
	TITLE = {Cambrian fans},
	JOURNAL = {J.~Eur.~Math.~Soc.},
	FJOURNAL = {Journal of the European Mathematical Society (JEMS)},
	VOLUME = {11},
	YEAR = {2009},
	NUMBER = {2},
	PAGES = {407--447}
}

@article {ButlerRingel,
	AUTHOR = {Butler, M. and Ringel, C.},
	TITLE = {Auslander-{R}eiten sequences with few middle terms and applications to string algebras},
	JOURNAL = {Comm. Algebra},
	FJOURNAL = {Communications in Algebra},
	VOLUME = {15},
	YEAR = {1987},
	NUMBER = {1-2},
	PAGES = {145--179},
}

@article {AdachiIyamaReiten,
	AUTHOR = {Adachi, T. and Iyama, O. and Reiten, I.},
	TITLE = {{$\tau$}-tilting theory},
	JOURNAL = {Compos. Math.},
	FJOURNAL = {Compositio Mathematica},
	VOLUME = {150},
	YEAR = {2014},
	NUMBER = {3},
	PAGES = {415--452},
}

@inproceedings {BrustleYang,
	AUTHOR = {Br\"ustle, T. and Yang, D.},
	TITLE = {Ordered exchange graphs},
	BOOKTITLE = {Advances in Representation Theory of Algebras},
	PAGES = {135--193},
	EDITOR = {Eur. Math. Soc.},
	ADDRESS = {Z\"urich},
	YEAR = {2013},
}
