
% General books

@book {Knuth,
	AUTHOR = {Donald~E.~Knuth},
	TITLE = {The art of computer programming. {V}olume 3},
	NOTE = {Sorting and searching, Addison-Wesley Series in Computer Science and Information Processing},
	PUBLISHER = {Addison-Wesley Publishing Co., Reading, Mass.-London-Don Mills, Ont.},
	YEAR = {1973},
	PAGES = {xi+722 pp. (1 foldout)},
}

@book{DeLoeraRambauSantos,
	AUTHOR = {Jesus~A.~{De Loera} and J\"org~Rambau and Francisco~Santos},
	TITLE = {Triangulations: Structures for Algorithms and Applications},
	PUBLISHER = {Springer Verlag},
	YEAR = {2010},
	VOLUME = {25},
	SERIES = {Algorithms and {C}omputation in Mathematics},
}

@book {Ziegler-polytopes,
	AUTHOR = {G{\"u}nter~M.~Ziegler},
	TITLE = {Lectures on Polytopes},
	SERIES = {Graduate texts in Mathematics},
	PUBLISHER = {Springer-Verlag},
	ADDRESS = {New York},
	VOLUME = {152},
	YEAR = {1998},
	PAGES = {vii+370},
}

@book {Matousek,
	AUTHOR = {Matou{\v{s}}ek, Ji{\v{r}}{\'{\i}}},
	TITLE = {Lectures on discrete geometry},
	SERIES = {Graduate Texts in Mathematics},
	VOLUME = {212},
	PUBLISHER = {Springer-Verlag, New York},
	YEAR = {2002},
	PAGES = {xvi+481},
}

@book {Bourbaki,
	AUTHOR = {Nicolas Bourbaki},
	TITLE = {{G}roupes et alg\`ebres de {L}ie, {C}hapitres {IV--VI}},
	PAGES = {288 pp. (loose errata)},
	PUBLISHER = {Hermann},
	ADDRESS = {Paris},
	SERIES = {Actualit\'es Scientifiques et Industrielles, No. 1337},
	YEAR = {1968}
}

@book {Humphreys,
	AUTHOR = {James~E.~Humphreys},
	TITLE = {Reflection groups and {C}oxeter groups},
	SERIES = {Cambridge Studies in Advanced Mathematics},
	VOLUME = {29},
	PUBLISHER = {Cambridge University Press},
	ADDRESS = {Cambridge},
	YEAR = {1990},
	PAGES = {xii+204}
}

@book {Humphreys1978,
	AUTHOR = {James~E.~Humphreys},
	TITLE = {Introduction to {L}ie algebras and representation theory},
	SERIES = {Graduate Texts in Mathematics},
	VOLUME = {9},
	NOTE = {Second printing, revised},
	PUBLISHER = {Springer-Verlag},
	ADDRESS = {New York},
	YEAR = {1978},
	PAGES = {xii+171}
}

@book {BjornerBrenti,
	AUTHOR = {Bj{\"o}rner, Anders and Brenti, Francesco},
	TITLE = {Combinatorics of {C}oxeter groups},
    SERIES = {Graduate Texts in Mathematics},
	VOLUME = {231},
	PUBLISHER = {Springer, New York},
	YEAR = {2005},
	PAGES = {xiv+363},
}

@book {AssemSimsonSkowronski,
	AUTHOR = {Assem, Ibrahim and Simson, Daniel and Skowro\'nski, Andrzej},
	TITLE = {Elements of the representation theory of associative algebras. {V}ol. 1},
	SERIES = {London Mathematical Society Student Texts},
	VOLUME = {65},
	NOTE = {Techniques of representation theory},
	PUBLISHER = {Cambridge University Press, Cambridge},
	YEAR = {2006},
	PAGES = {x+458},
}

@book {Schiffler,
	AUTHOR = {Schiffler, Ralf},
	TITLE = {Quiver representations},
	SERIES = {CMS Books in Mathematics/Ouvrages de Math\'ematiques de la SMC},
	PUBLISHER = {Springer, Cham},
	YEAR = {2014},
	PAGES = {xii+230},
}

% associahedron

@phdthesis{Tamari,
	AUTHOR = {Dov Tamari},
	TITLE = {Monoides pr\'eordonn\'es et cha\^ines de Malcev},
	SCHOOL = {Universit\'e Paris Sorbonne},
	YEAR = {1951},
}

@article {Stasheff,
	AUTHOR = {Jim~Stasheff},
	TITLE = {Homotopy associativity of {H}-spaces {I}, {II}},
	JOURNAL = {Trans. Amer. Math. Soc.},
	FJOURNAL = {Transactions of the Americcan Mathematical Society},
	VOLUME = {108},
	YEAR = {1963},
	NUMBER = {2},
	PAGES = {293--312},
}

@inproceedings {StasheffShnider,
	AUTHOR = {Jim~Stasheff},
	TITLE = {From operads to ``physically'' inspired theories},
	BOOKTITLE = {Operads: Proceedings of Renaissance Conferences (Hartfort, CT/Luminy, 1995)},
	SERIES = {Contemporary Mathematics},
	VOLUME = {202},
	PUBLISHER = {American Mathematical Society},
	ADDRESS = {Cambridge, MA},
	YEAR = {1997},
	PAGES = {53--81},
	NOTE = {Appendix~B by Steve Shnider and Jim~Stasheff for a corrected polytope construction}
}

@book {ShniderSternberg,
	AUTHOR = {Steve~Shnider and Shlomo~Sternberg},
	TITLE = {Quantum groups: From coalgebras to {D}rinfeld algebras},
	SERIES = {Series in Mathematical Physics},
	PUBLISHER = {International Press},
	ADDRESS = {Cambridge, MA},
	YEAR = {1993},
	PAGES = {592},
}

@unpublished {Haiman,
	AUTHOR = {Mark Haiman},
	TITLE = {Constructing the associahedron},
 	NOTE = {Unpublished manuscript, 11 pages, available at \url{http://www.math.berkeley.edu/~mhaiman/ftp/assoc/manuscript.pdf}}, 
	YEAR = {1984},
}

@article {Lee,
	AUTHOR = {Carl~W.~Lee},
	TITLE = {The associahedron and triangulations of the {$n$}-gon},
	JOURNAL = {European J.~Combin.},
	FJOURNAL = {European Journal of Combinatorics},
	VOLUME = {10},
	YEAR = {1989},
	NUMBER = {6},
	PAGES = {551--560},
}

@book {GelfandKapranovZelevinsky,
	AUTHOR = {Israel~Gelfand and Mikhail~Kapranov and Andrei~Zelevinsky},
	TITLE = {Discriminants, resultants and multidimensional determinants},
	SERIES = {Modern Birkh\"auser Classics},
	NOTE = {Reprint of the 1994 edition},
	PUBLISHER = {Birkh\"auser Boston Inc.},
	ADDRESS = {Boston, MA},
	YEAR = {2008},
	PAGES = {x+523},
}

@article {BilleraFillimanSturmfels,
	AUTHOR = {Louis~J.~Billera and Paul~Filliman and Bernd~Sturmfels},
	TITLE = {Constructions and complexity of secondary polytopes},
	JOURNAL = {Adv.~Math.},
	FJOURNAL = {Advances in Mathematics},
	VOLUME = {83},
	YEAR = {1990},
	NUMBER = {2},
	PAGES = {155--179},
}

@article {Loday,
	AUTHOR = {Jean-Louis~Loday},
	TITLE = {Realization of the {S}tasheff polytope},
	JOURNAL = {Arch.~Math.~(Basel)},
	FJOURNAL = {Archiv der Mathematik},
	VOLUME = {83},
	YEAR = {2004},
	NUMBER = {3},
	PAGES = {267--278},
}

@article {HohlwegLange,
	AUTHOR = {Christophe~Hohlweg and Carsten~Lange},
	TITLE = {Realizations of the associahedron and cyclohedron},
	JOURNAL = {Discrete Comput.~Geom.},
	FJOURNAL = {Discrete \& Computational Geometry. An International Journal of Mathematics and Computer Science},
	VOLUME = {37},
	YEAR = {2007},
	NUMBER = {4},
	PAGES = {517--543}
}

@article {LangePilaud,
	AUTHOR = {Lange, Carsten and Pilaud, Vincent},
	TITLE = {Associahedra via spines},
	JOURNAL = {Combinatorica},
	FJOURNAL = {Combinatorica. An International Journal on Combinatorics and the Theory of Computing},
	VOLUME = {38},
	YEAR = {2018},
	NUMBER = {2},
	PAGES = {443--486},
}

@article {PilaudSantos-brickPolytope,
	AUTHOR = {Vincent~Pilaud and Francisco~Santos},
	TITLE = {The brick polytope of a sorting network},
	JOURNAL = {European~J.~Combin.},
	FJOURNAL = {European Journal of Combinatorics},
	VOLUME = {33},
	YEAR = {2012},
	NUMBER = {4},
	PAGES = {632--662},
}

@article {CeballosSantosZiegler,
	AUTHOR = {Cesar~Ceballos and Francisco~Santos and G\"unter~M.~Ziegler},
	TITLE = {Many non-equivalent realizations of the associahedron},
	JOURNAL = {Combinatorica},
	YEAR = {2015},
	VOLUME = {35},
	NUMBER = {5},
	PAGES = {513--551},
}

@book {TamariFestschrift,
	TITLE = {Associahedra, {T}amari Lattices and Related Structures. Tamari Memorial Festschrift},
	EDITOR = {Folkert M{\"u}ller-Hoissen and Jean Marcel Pallo and Jim Stasheff},
	PUBLISHER = {Springer},
	ADDRESS = {New York},
	SERIES = {Progress in Mathematics},
	VOLUME = {299},
	YEAR = {2012},
	PAGES = {xx+433},
}

@article {SleatorTarjanThurston,
	AUTHOR = {Daniel D. Sleator and Robert E. Tarjan and William P. Thurston},
	TITLE = {Rotation distance, triangulations, and hyperbolic geometry},
	JOURNAL = {J. Amer. Math. Soc.},
	FJOURNAL = {Journal of the American Mathematical Society},
	VOLUME = {1},
	YEAR = {1988},
	NUMBER = {3},
	PAGES = {647--681},
}

@article {Dehornoy,
	AUTHOR = {Dehornoy, Patrick},
	TITLE = {On the rotation distance between binary trees},
	JOURNAL = {Adv. Math.},
	FJOURNAL = {Advances in Mathematics},
	VOLUME = {223},
	YEAR = {2010},
	NUMBER = {4},
	PAGES = {1316--1355},
}

@article {Pournin,
	AUTHOR = {Lionel Pournin},
	TITLE = {The diameter of associahedra},
	JOURNAL = {Adv. Math.},
	FJOURNAL = {Advances in Mathematics},
	VOLUME = {259},
	YEAR = {2014},
	PAGES = {13--42},
}

@article {Lucas,
	AUTHOR = {Lucas, Joan M.},
	TITLE = {The rotation graph of binary trees is {H}amiltonian},
	JOURNAL = {J. Algorithms},
	FJOURNAL = {Journal of Algorithms},
	VOLUME = {8},
	YEAR = {1987},
	NUMBER = {4},
	PAGES = {503--535},
}

@article {HurtadoNoy,
	AUTHOR = {Ferran Hurtado and Marc Noy},
	TITLE = {Graph of triangulations of a convex polygon and tree of triangulations},
	JOURNAL = {Comput. Geom.},
	FJOURNAL = {Computational Geometry. Theory and Applications},
	VOLUME = {13},
	YEAR = {1999},
	NUMBER = {3},
	PAGES = {179--188},
}

@book {Narayana,
	AUTHOR = {Tadepalli V.~Narayana},
	TITLE = {Lattice path combinatorics with statistical applications},
	SERIES = {Mathematical Expositions},
	VOLUME = {23},
	PUBLISHER = {University of Toronto Press},
	ADDRESS = {Toronto, Ont.},
	YEAR = {1979},
	PAGES = {xii+106},
}

@incollection {RoteSantosStreinu-polytope,
	AUTHOR = {G{\"u}nter~Rote and Francisco~Santos and Ileana~Streinu},
	TITLE = {Expansive motions and the polytope of pointed pseudo-triangulations},
	BOOKTITLE = {Discrete and computational geometry},
	SERIES = {Algorithms Combin.},
	VOLUME = {25},
	PAGES = {699--736},
	PUBLISHER = {Springer},
	ADDRESS = {Berlin},
	YEAR = {2003},
}

% amplituhedron

@article {ArkaniHamedTrnka-Amplituhedron,
	AUTHOR = {Arkani-Hamed, Nima and Trnka, Jaroslav},
	TITLE = {The amplituhedron},
	JOURNAL = {J. High Energy Phys.},
	FJOURNAL = {Journal of High Energy Physics},
	YEAR = {2014},
	NUMBER = {10},
	PAGES = {30},
    PUBLISHER = {Springer}
}


@article {ArkaniHamedBaiHeYan,
	AUTHOR = {Arkani-Hamed, Nima and Bai, Yuntao and He, Song and Yan, Gongwang},
	TITLE = {Scattering forms and the positive geometry of kinematics, color and the worldsheet},
	JOURNAL = {J. High Energy Phys.},
	FJOURNAL = {Journal of High Energy Physics},
	YEAR = {2018},
	NUMBER = {5},
	PAGES = {096, front matter+75},
}

@unpublished {Raman-PositiveGeometry,
	AUTHOR = {Prashanth Raman},
	TITLE = {The positive geometry for $\phi^{p}$ interactions},
 	NOTE = {Preprint, \href{http://arxiv.org/abs/1906.02985}{\texttt{arXiv:1906.02985}}}, 
	YEAR = {2019},
}

@unpublished {BanerjeeLaddhaRaman-StokesPolytopes,
	AUTHOR = {Banerjee, Pinaki and Laddha, Alok and Raman, Prashanth},
	TITLE = {Stokes Polytopes : The positive geometry for $\phi^{4}$ interactions},
 	NOTE = {Preprint, \href{http://arxiv.org/abs/1811.05904}{\texttt{arXiv:1811.05904}}}, 
	YEAR = {2018},
}

@book {ArkaniHamedBourjailyCachazoGoncharovPostnikovTrnka-GrassmannianGeometryScatteringAmplitudes,
    AUTHOR = {Arkani-Hamed, Nima and Bourjaily, Jacob and Cachazo, Freddy and Goncharov, Alexander and Postnikov, Alexander and Trnka, Jaroslav},
	TITLE = {Grassmannian geometry of scattering amplitudes},
	 PUBLISHER = {Cambridge University Press, Cambridge},
	YEAR = {2016},
	PAGES = {ix+194},
}
	
@article {ArkaniHamedBaiLam-PositiveGeometries,
	AUTHOR = {Arkani-Hamed, Nima and Bai, Yuntao and Lam, Thomas},
	TITLE = {Positive geometries and canonical forms},
	JOURNAL = {J. High Energy Phys.},
	FJOURNAL = {Journal of High Energy Physics},
	YEAR = {2017},
	NUMBER = {11},
	PAGES = {039, front matter+121},
}

% grid associahedra, accordion complexes, gentle associahedra

@incollection {Baryshnikov,
	AUTHOR = {Baryshnikov, Yuliy},
	TITLE = {On {S}tokes sets},
	BOOKTITLE = {New developments in singularity theory ({C}ambridge, 2000)},
	SERIES = {NATO Sci. Ser. II Math. Phys. Chem.},
	VOLUME = {21},
	PAGES = {65--86},
	PUBLISHER = {Kluwer Acad. Publ., Dordrecht},
	YEAR = {2001},
}

@article {Chapoton-quadrangulations,
	AUTHOR = {Fr\'ed\'eric Chapoton},
	TITLE = {Stokes posets and serpent nests},
	JOURNAL = {Discrete Math. Theor. Comput. Sci.},
	VOLUME = {18},
	NUMBER = {3},
	YEAR = {2016},
}

@article {GarverMcConville-OrientedExchangeGraphs,
   	AUTHOR = {Alexander Garver and Thomas McConville},
	TITLE = {Lattice Properties of Oriented Exchange Graphs and Torsion Classes},
	JOURNAL = {Algebr. Represent. Theory},
	FJOURNAL = {Algebras and Representation Theory},
	YEAR = {2017},
}

@article {GarverMcConville,
    AUTHOR = {Garver, Alexander and McConville, Thomas},
	TITLE = {Oriented flip graphs of polygonal subdivisions and noncrossing tree partitions},
	JOURNAL = {J. Combin. Theory Ser. A},
	FJOURNAL = {Journal of Combinatorial Theory. Series A},
	VOLUME = {158},
	YEAR = {2018},
	PAGES = {126--175},
}

@article {MannevillePilaud-accordion,
	AUTHOR = {Thibault Manneville and Vincent Pilaud},
	TITLE = {Geometric realizations of the accordion complex of a dissection},
	JOURNAL = {Discrete Comput. Geom.},
	FJOURNAL = {Discrete \& Computational Geometry. An International Journal of Mathematics and Computer Science},
	VOLUME = {61},
	YEAR = {2019},
	NUMBER = {3},
	PAGES = {507--540},
}

@article {PilaudPlamondonStella,
	AUTHOR = {Pilaud, Vincent and Plamondon, Pierre-Guy and Stella, Salvatore},
	TITLE = {A {$\tau$}-tilting approach to dissections of polygons},
	JOURNAL = {SIGMA Symmetry Integrability Geom. Methods Appl.},
	FJOURNAL = {SIGMA. Symmetry, Integrability and Geometry. Methods and Applications},
	VOLUME = {14},
	YEAR = {2018},
	PAGES = {Paper No. 045, 8},
}


@article {PetersenPylyavskyySpeyer,
	AUTHOR = {Petersen, T. Kyle and Pylyavskyy, Pavlo and Speyer, David E.},
	TITLE = {A non-crossing standard monomial theory},
	JOURNAL = {J. Algebra},
	FJOURNAL = {Journal of Algebra},
	VOLUME = {324},
	YEAR = {2010},
	NUMBER = {5},
	PAGES = {951--969},
}

@article {SantosStumpWelker,
	AUTHOR = {Santos, Francisco and Stump, Christian and Welker, Volkmar},
	TITLE = {Noncrossing sets and a {G}rassmann associahedron},
	JOURNAL = {Forum Math. Sigma},
	FJOURNAL = {Forum of Mathematics. Sigma},
	VOLUME = {5},
	YEAR = {2017},
	PAGES = {e5, 49},
}

@article {McConville,
	AUTHOR = {Thomas McConville},
	TITLE = {Lattice structure of {G}rid-{T}amari orders},
	JOURNAL = {J. Combin. Theory Ser. A},
	FJOURNAL = {Journal of Combinatorial Theory, Series A},
	VOLUME = {148},
	YEAR = {2017},
	PAGES = {27--56},
}

@unpublished {GarverMcConville-grid,
	AUTHOR = {Alexander Garver and Thomas McConville},
	TITLE = {Enumerative properties of {G}rid-{A}ssociahedra},
 	NOTE = {Preprint, \href{http://arxiv.org/abs/1705.04901}{\texttt{arXiv:1705.04901}}}, 
	YEAR = {2017},
}

@unpublished {PaluPilaudPlamondon-nonkissing,
	AUTHOR = {Yann Palu and Vincent Pilaud and Pierre-Guy Plamondon},
	TITLE = {Non-kissing complexes and tau-tilting for gentle algebras},
 	NOTE = {Preprint, \href{http://arxiv.org/abs/1707.07574}{\texttt{arXiv:1707.07574}}. To appear in \emph{Mem. Amer. Math. Soc.}}, 
	YEAR = {2017},
}

@unpublished {PaluPilaudPlamondon-surfaces,
	AUTHOR = {Yann Palu and Vincent Pilaud and Pierre-Guy Plamondon},
	TITLE = {Non-kissing and non-crossing complexes for locally gentle algebras},
 	NOTE = {Preprint, \href{http://arxiv.org/abs/1807.04730}{\texttt{arXiv:1807.04730}}}, 
	YEAR = {2018},
}

@unpublished {GarverMcConvilleMousavand,
	AUTHOR = {Alexander Garver and Thomas McConville and Kaveh Mousavand},
	TITLE = {A categorification of biclosed sets of strings},
 	NOTE = {Preprint, \href{http://arxiv.org/abs/1808.10346}{\texttt{arXiv:1808.10346}}}, 
	YEAR = {2018},
}


% cluster algebras, generalized associahedra

@article {FominZelevinsky-YSystems,
	AUTHOR = {Sergey Fomin and Andrei Zelevinsky},
	TITLE = {{$Y$}-systems and generalized associahedra},
	JOURNAL = {Ann. of Math. (2)},
	FJOURNAL = {Annals of Mathematics. Second Series},
	VOLUME = {158},
	YEAR = {2003},
	NUMBER = {3},
	PAGES = {977--1018},
}

@article {FominZelevinsky-ClusterAlgebrasI,
	AUTHOR = {Sergey Fomin and Andrei Zelevinsky},
	TITLE = {Cluster algebras. {I}. {F}oundations},
	JOURNAL = {J. Amer. Math. Soc.},
	FJOURNAL = {Journal of the American Mathematical Society},
	VOLUME = {15},
	YEAR = {2002},
	NUMBER = {2},
	PAGES = {497--529},
}

@article {FominZelevinsky-ClusterAlgebrasII,
	AUTHOR = {Sergey Fomin and Andrei Zelevinsky},
	TITLE = {Cluster algebras. {II}. {F}inite type classification},
	JOURNAL = {Invent. Math.},
	FJOURNAL = {Inventiones Mathematicae},
	VOLUME = {154},
	YEAR = {2003},
	NUMBER = {1},
	PAGES = {63--121},
}

@article {FominZelevinsky-ClusterAlgebrasIV,
	AUTHOR = {Sergey Fomin and Andrei Zelevinsky},
	TITLE = {Cluster algebras. {IV}. {C}oefficients},
	JOURNAL = {Compos. Math.},
	FJOURNAL = {Compositio Mathematica},
	VOLUME = {143},
	YEAR = {2007},
	NUMBER = {1},
	PAGES = {112--164},
}

@incollection {NakanishiZelevinsky,
	AUTHOR = {Nakanishi, Tomoki and Zelevinsky, Andrei},
	TITLE = {On tropical dualities in cluster algebras},
	BOOKTITLE = {Algebraic groups and quantum groups},
	SERIES = {Contemp. Math.},
	VOLUME = {565},
	PAGES = {217--226},
	PUBLISHER = {Amer. Math. Soc., Providence, RI},
	YEAR = {2012},
}

@article {FominShapiroThurston,
	AUTHOR = {Fomin, Sergey and Shapiro, Michael and Thurston, Dylan},
	TITLE = {Cluster algebras and triangulated surfaces {I}. {C}luster complexes},
	JOURNAL = {Acta Math.},
	FJOURNAL = {Acta Mathematica},
	VOLUME = {201},
	YEAR = {2008},
	NUMBER = {1},
	PAGES = {83--146},
}

@unpublished {FominThurston,
	AUTHOR = {Sergey Fomin and Dylan Thurston},
	TITLE = {Cluster algebras and triangulated surfaces. Part {II}: {L}ambda lengths},
 	NOTE = {Preprint, \href{http://arxiv.org/abs/1210.5569}{\texttt{arXiv:1210.5569}}}, 
	YEAR = {2012},
}

@article {GrossHackingKeelKontsevich,
   	AUTHOR = {Mark Gross and Paul Hacking and Sean Keel and Maxim Kontsevich},
	TITLE = {Canonical bases for cluster algebras},
	JOURNAL = {J. Amer. Math. Soc.},
	FJOURNAL = {Journal of the American Mathematical Society},
	YEAR = {2018},
	VOLUME = {31},
	PAGES = {497--608},
}

@unpublished {LamPylyavskyy-LaurentPhenomenonAlgebras,
	AUTHOR = {Thomas Lam and Pavlo Pylyavskyy},
	TITLE = {{L}aurent phenomenon algebras},
 	NOTE = {Preprint, \href{http://arxiv.org/abs/1206.2611}{\texttt{arXiv:1206.2611}}}, 
	YEAR = {2012},
}

@unpublished {LamPylyavskyy-LinearLaurentPhenomenonAlgebras,
	AUTHOR = {Thomas Lam and Pavlo Pylyavskyy},
	TITLE = {Linear {L}aurent phenomenon algebras},
 	NOTE = {Preprint, \href{http://arxiv.org/abs/1206.2612}{\texttt{arXiv:1206.2612}}}, 
	YEAR = {2012},
}

@article {ChapotonFominZelevinsky,
	AUTHOR = {Fr{\'e}d{\'e}ric~Chapoton and Sergey~Fomin and Andrei~Zelevinsky},
	TITLE = {Polytopal Realizations of Generalized Associahedra},
	JOURNAL = {Canad. Math. Bull.},
	FJOURNAL = {Canadian Mathematical Bulletin. Bulletin Canadien de Math{\'e}matiques. },
	VOLUME = {45},
	YEAR = {2002},
	NUMBER = {4},
	PAGES = {537--566},
}

@article {HohlwegLangeThomas,
	AUTHOR = {Christophe~Hohlweg and Carsten~Lange and Hugh~Thomas},
	TITLE = {Permutahedra and generalized associahedra},
	JOURNAL = {Adv. Math.},
	FJOURNAL = {Adances in Mathematics},
	VOLUME = {226},
	YEAR = {2011},
	NUMBER = {1},
	PAGES = {608--640},
}

@article {Stella,
	AUTHOR = {Salvatore~Stella},
	TITLE = {Polyhedral models for generalized associahedra via {C}oxeter elements},
	JOURNAL = {J. Algebraic Combin.},
	FJOURNAL = {Journal of Algebraic Combinatorics. An International Journal},
	VOLUME = {38},
	YEAR = {2013},
	NUMBER = {1},
	PAGES = {121--158},
}

@article {PilaudStump-brickPolytope,
	AUTHOR = {Vincent Pilaud and Christian Stump},
	TITLE = {Brick polytopes of spherical subword complexes and generalized associahedra},
	FJOURNAL = {Advances in Mathematics},
	JOURNAL = {Adv. Math.},
	PAGES = {1--61},
	VOLUME = {276},
	YEAR = {2015},
}

@article {HohlwegPilaudStella,
	AUTHOR = {Christophe Hohlweg and Vincent Pilaud and Salvatore Stella},
	TITLE = {Polytopal realizations of finite type $\mathbf{g}$-vector fans},
	FJOURNAL = {Advances in Mathematics},
	JOURNAL = {Adv. Math.},
	PAGES = {713--749},
	VOLUME = {328},
	YEAR = {2018},
}

@article {HohlwegLortieRaymond,
	AUTHOR = {Christophe~Hohlweg and Jonathan~Lortie and Annie~Raymond},
	TITLE = {The centers of gravity of the associahedron and of the permutahedron are the same},
	JOURNAL = {Electron. J. Combin.},
	FJOURNAL = {Electronic Journal of Combinatorics},
	VOLUME = {17},
	YEAR = {2010},
	NUMBER = {1},
	PAGES = {Research Paper 72, 14},
}

@article {PilaudStump-barycenter,
	AUTHOR = {Pilaud, Vincent and Stump, Christian},
	TITLE = {Vertex barycenter of generalized associahedra},
	JOURNAL = {Proc. Amer. Math. Soc.},
	FJOURNAL = {Proceedings of the American Mathematical Society},
	VOLUME = {143},
	YEAR = {2015},
    NUMBER = {6},
	PAGES = {2623--2636},
}

@article {BergeronHohlwegLangeThomas,
	AUTHOR = {Nantel Bergeron and Christophe Hohlweg and Carsten Lange and Hugh Thomas},
	TITLE = {Isometry classes of generalized associahedra},
	JOURNAL = {S\'em. Lothar. Combin.},
	FJOURNAL = {S\'eminaire Lotharingien de Combinatoire},
	VOLUME = {61A},
	YEAR = {2009},
	PAGES = {Art. B61Aa, 13},
}

@incollection {Hohlweg,
	AUTHOR = {Hohlweg, Christophe},
	TITLE = {Permutahedra and associahedra: generalized associahedra from the geometry of finite reflection groups},
	BOOKTITLE = {Associahedra, {T}amari lattices and related structures},
	SERIES = {Prog. Math. Phys.},
	VOLUME = {299},
	PAGES = {129--159},
	PUBLISHER = {Birkh\"auser/Springer, Basel},
	YEAR = {2012},
}

@article {CeballosPilaud-diameterDAssociahedron,
	AUTHOR = {Ceballos, Cesar and Pilaud, Vincent},
	TITLE = {The diameter of type {$D$} associahedra and the non-leaving-face property},
	JOURNAL = {European J. Combin.},
	FJOURNAL = {European Journal of Combinatorics},
	VOLUME = {51},
	YEAR = {2016},
	PAGES = {109--124},
}
		
@article {CeballosPilaud-pseudotriangulationsTypeD,
	AUTHOR = {Ceballos, Cesar and Pilaud, Vincent},
	TITLE = {Cluster algebras of type {$D$}: pseudotriangulations approach},
	JOURNAL = {Electron. J. Combin.},
	FJOURNAL = {Electronic Journal of Combinatorics},
	VOLUME = {22},
	YEAR = {2015},
	NUMBER = {4},
	PAGES = {Paper 4.44, 27},
}

% lattice quotients, Cambrian lattices

@article {BjornerEdelmanZiegler,
	AUTHOR = {Bj\"orner, Anders and Edelman, Paul H. and Ziegler, G\"unter M.},
	TITLE = {Hyperplane arrangements with a lattice of regions},
	JOURNAL = {Discrete Comput. Geom.},
	FJOURNAL = {Discrete \& Computational Geometry. An International Journal of Mathematics and Computer Science},
	VOLUME = {5},
	YEAR = {1990},
	NUMBER = {3},
	PAGES = {263--288},
}

@article {Reading-posetRegions,
	AUTHOR = {Reading, Nathan},
	TITLE = {Lattice and order properties of the poset of regions in a hyperplane arrangement},
	JOURNAL = {Algebra Universalis},
	FJOURNAL = {Algebra Universalis},
	VOLUME = {50},
	YEAR = {2003},
	NUMBER = {2},
	PAGES = {179--205},
}

@article {Reading-HyperplaneArrangement,
	AUTHOR = {Reading, Nathan},
	TITLE = {Lattice and order properties of the poset of regions in a hyperplane arrangement},
	JOURNAL = {Algebra Universalis},
	FJOURNAL = {Algebra Universalis},
	VOLUME = {50},
	YEAR = {2003},
	NUMBER = {2},
	PAGES = {179--205},
}

@article {Reading-latticeCongruences,
	AUTHOR = {Nathan~Reading},
	TITLE = {Lattice congruences of the weak order},
	JOURNAL = {Order},
	FJOURNAL = {Order. A Journal on the Theory of Ordered Sets and its Applications},
	VOLUME = {21},
	YEAR = {2004},
	NUMBER = {4},
	PAGES = {315--344},
}

@article {Reading-cambrianLattices,
	AUTHOR = {Nathan~Reading},
	TITLE = {Cambrian lattices},
	JOURNAL = {Adv.~Math.},
	FJOURNAL = {Advances in Mathematics},
	VOLUME = {205},
	YEAR = {2006},
	NUMBER = {2},
	PAGES = {313--353},
}

@article {Reading-coxeterSortable,
	AUTHOR = {Nathan~Reading},
	TITLE = {Clusters, {C}oxeter-sortable elements and noncrossing partitions},
	JOURNAL = {Trans. Amer. Math. Soc.},
	FJOURNAL = {Transactions of the American Mathematical Society},
	VOLUME = {359},
	YEAR = {2007},
	NUMBER = {12},
	PAGES = {5931--5958}
}

@article {Reading-sortableElements,
	AUTHOR = {Nathan~Reading},
	TITLE = {Sortable elements and {C}ambrian lattices},
	JOURNAL = {Algebra Universalis},
	FJOURNAL = {Algebra Universalis},
	VOLUME = {56},
	YEAR = {2007},
	NUMBER = {3-4},
	PAGES = {411--437},
}

@article {ReadingSpeyer,
	AUTHOR = {Nathan~Reading and David~E.~Speyer},
	TITLE = {Cambrian fans},
	JOURNAL = {J.~Eur.~Math.~Soc.},
	FJOURNAL = {Journal of the European Mathematical Society (JEMS)},
	VOLUME = {11},
	YEAR = {2009},
	NUMBER = {2},
	PAGES = {407--447}
}

@article {Reading-arcDiagrams,
	AUTHOR = {Reading, Nathan},
	TITLE = {Noncrossing arc diagrams and canonical join representations},
	JOURNAL = {SIAM J. Discrete Math.},
	FJOURNAL = {SIAM Journal on Discrete Mathematics},
	VOLUME = {29},
	YEAR = {2015},
	NUMBER = {2},
	PAGES = {736--750},
}

@incollection{Reading-survey,
	Author = {Nathan Reading},
	Booktitle = {Associahedra, Tamari Lattices and Related Structures~--~Tamari Memorial Festschrift},
	Editor = {Folkert~M{\"u}ller-Hoissen and Jean~Pallo and Jim~Stasheff},
	Pages = {293--322},
	Publisher = {Birkh{\"a}user},
	Series = {Progress in Mathematics},
	Title = {From the Tamari Lattice to Cambrian Lattices and Beyond},
	Volume = {299},
	Year = {2012}
}

@incollection {Reading-FiniteCoxeterGroupsChapter,
	AUTHOR = {Reading, N.},
	TITLE = {Finite {C}oxeter groups and the weak order},
	BOOKTITLE = {Lattice theory: special topics and applications. {V}ol. 2},
	PAGES = {489--561},
	PUBLISHER = {Birkh\"auser/Springer, Cham},
	YEAR = {2016},
}	

@incollection {Reading-PosetRegionsChapter,
	AUTHOR = {Reading, N.},
	TITLE = {Lattice theory of the poset of regions},
	BOOKTITLE = {Lattice theory: special topics and applications. {V}ol. 2},
	PAGES = {399--487},
	PUBLISHER = {Birkh\"auser/Springer, Cham},
	YEAR = {2016},
}

@article {FreeseNation,
    AUTHOR = {Ralph Freese and J. B. Nation},
    TITLE = {Free lattices},
    JOURNAL = {Mathematical Surveys and Monographs},
    YEAR = {1995},
    VOLUME = {75},
    PAGES = {93--106}
}

@article {PilaudSantos-quotientopes,
	AUTHOR = {Vincent Pilaud and Francisco Santos},
	TITLE = {Quotientopes},
    JOURNAL = {Bull. Lond. Math. Soc.},
	FJOURNAL = {Bulletin of the London Mathematical Society},
    YEAR = {2019},
    VOLUME = {51},
    NUMBER = {3},
    PAGES = {406--420}
}

% Hopf algebras

@article {MalvenutoReutenauer,
	AUTHOR = {Malvenuto, Claudia and Reutenauer, Christophe},
	TITLE = {Duality between quasi-symmetric functions and the {S}olomon descent algebra},
	JOURNAL = {J. Algebra},
	FJOURNAL = {Journal of Algebra},
	VOLUME = {177},
	YEAR = {1995},
	NUMBER = {3},
	PAGES = {967--982},
}

@article {NovelliThibon-coloredHopfAlgebras,
	AUTHOR = {Novelli, Jean-Christophe and Thibon, Jean-Yves},
	TITLE = {Free quasi-symmetric functions and descent algebras for wreath products, and noncommutative multi-symmetric functions},
	JOURNAL = {Discrete Math.},
	FJOURNAL = {Discrete Mathematics},
	VOLUME = {310},
	YEAR = {2010},
	NUMBER = {24},
	PAGES = {3584--3606},
}

@article {Solomon,
	AUTHOR = {Solomon, Louis},
	TITLE = {A {M}ackey formula in the group ring of a {C}oxeter group},
	JOURNAL = {J. Algebra},
	FJOURNAL = {Journal of Algebra},
	VOLUME = {41},
	YEAR = {1976},
	NUMBER = {2},
	PAGES = {255--264},
}

@article {GelfandKrobLascouxLeclercRetakhThibon,
	AUTHOR = {Gelfand, Israel M. and Krob, Daniel and Lascoux, Alain and Leclerc, Bernard and Retakh, Vladimir S. and Thibon, Jean-Yves},
	TITLE = {Noncommutative symmetric functions},
	JOURNAL = {Adv. Math.},
	FJOURNAL = {Advances in Mathematics},
	VOLUME = {112},
	YEAR = {1995},
	NUMBER = {2},
	PAGES = {218--348},
}

@article {LodayRonco,
	AUTHOR = {Loday, Jean-Louis and Ronco, Mar{\'{\i}}a O.},
	TITLE = {Hopf algebra of the planar binary trees},
	JOURNAL = {Adv. Math.},
	FJOURNAL = {Advances in Mathematics},
	VOLUME = {139},
	YEAR = {1998},
	NUMBER = {2},
	PAGES = {293--309},
}

@article {HivertNovelliThibon-algebraBinarySearchTrees,
	AUTHOR = {Hivert, Florent and Novelli, Jean-Christophe and Thibon, Jean-Yves},
	TITLE = {The algebra of binary search trees},
	JOURNAL = {Theoret. Comput. Sci.},
	FJOURNAL = {Theoretical Computer Science},
	VOLUME = {339},
	YEAR = {2005},
	NUMBER = {1},
	PAGES = {129--165},
}

@article {Chapoton,
	AUTHOR = {Chapoton, Fr{\'e}d{\'e}ric},
	TITLE = {Alg\`ebres de {H}opf des permutah\`edres, associah\`edres et hypercubes},
	JOURNAL = {Adv. Math.},
	FJOURNAL = {Advances in Mathematics},
	VOLUME = {150},
	YEAR = {2000},
	NUMBER = {2},
	PAGES = {264--275},
}

@article {Reading-HopfAlgebras,
	AUTHOR = {Reading, Nathan},
	TITLE = {Lattice congruences, fans and {H}opf algebras},
	JOURNAL = {J. Combin. Theory Ser. A},
	FJOURNAL = {Journal of Combinatorial Theory. Series A},
	VOLUME = {110},
	YEAR = {2005},
	NUMBER = {2},
	PAGES = {237--273},
}

@article {Giraudo,
	AUTHOR = {Giraudo, Samuele},
	TITLE = {Algebraic and combinatorial structures on pairs of twin binary trees},
	JOURNAL = {J. Algebra},
	FJOURNAL = {Journal of Algebra},
	VOLUME = {360},
	YEAR = {2012},
	PAGES = {115--157},
}

@article {LawReading,
	AUTHOR = {Law, Shirley and Reading, Nathan},
	TITLE = {The {H}opf algebra of diagonal rectangulations},
	JOURNAL = {J. Combin. Theory Ser. A},
	FJOURNAL = {Journal of Combinatorial Theory. Series A},
	VOLUME = {119},
	YEAR = {2012},
	NUMBER = {3},
	PAGES = {788--824},
}

@article {ChatelPilaud,
	AUTHOR = {Gr\'egory Chatel and Vincent Pilaud},
	TITLE = {{C}ambrian {H}opf {Algebras}},
	JOURNAL = {Adv. Math.},
	FJOURNAL = {Advances in Mathematics},
	VOLUME = {311},
	YEAR = {2017},
	PAGES = {598--633},
}

@article{NovelliReutenauerThibon,
	AUTHOR = {Novelli, Jean-Christophe and Reutenauer, Christophe and Thibon, Jean-Yves},
	TITLE = {Generalized descent patterns in permutations and associated {H}opf algebras},
	JOURNAL = {European J. Combin.},
	FJOURNAL = {European Journal of Combinatorics},
	VOLUME = {32},
	YEAR = {2011},
	NUMBER = {4},
	PAGES = {618--627},
}

@article {PilaudPons-permutrees,
    AUTHOR = {Pilaud, Vincent and Pons, Viviane},
    TITLE = {Permutrees},
	JOURNAL = {Algebraic Combinatorics},
	PUBLISHER = {MathOA foundation},
	VOLUME = {1},
	NUMBER = {2},
	YEAR = {2018},
	PAGES = {173-224},
}

@article {Pilaud-brickAlgebra,
	AUTHOR = {Vincent Pilaud},
	TITLE = {Brick polytopes, lattice quotients, and {H}opf algebras},
	JOURNAL = {J. Combin. Theory Ser. A},
	FJOURNAL = {Journal of Combinatorial Theory. Series A},
	VOLUME = {155},
	YEAR = {2018},
	PAGES = {418--457},
}

@unpublished {PilaudPons-HopfAlgebraRelations,
	AUTHOR = {Vincent Pilaud and Viviane Pons},
	TITLE = {The Hopf algebra of integer binary relations},
 	NOTE = {Preprint, \href{http://arxiv.org/abs/1807.03277}{\texttt{arXiv:1807.03277}}}, 
	YEAR = {2018},
}

@unpublished {BergeronCeballosPilaud,
	AUTHOR = {Nantel Bergeron and Cesar Ceballos and Vincent Pilaud},
	TITLE = {Hopf dreams},
 	NOTE = {Preprint, \href{http://arxiv.org/abs/1807.03044}{\texttt{arXiv:1807.03044}}}, 
	YEAR = {2018},
}

@unpublished {Law,
	AUTHOR = {Shirley Law},
	TITLE = {Combinatorial Realization of the {H}opf Algebra of Sashes},
 	NOTE = {Preprint, \href{http://arxiv.org/abs/1407.4073}{\texttt{arXiv:1407.4073}}}, 
	YEAR = {2014},
}

% nestohedra

@article {Postnikov,
	AUTHOR = {Alexander~Postnikov},
	TITLE = {Permutohedra, associahedra, and beyond},
	JOURNAL = {Int. Math. Res. Not. IMRN},
	FJOURNAL = {International Mathematics Research Notices. IMRN},
	YEAR = {2009},
	NUMBER = {6},
	PAGES = {1026--1106},
}

@article {PostnikovReinerWilliams,
	AUTHOR = {Alexander~Postnikov and Victor~Reiner and Lauren K. Williams},
	TITLE = {Faces of generalized permutohedra},
	JOURNAL = {Doc.~Math.},
	FJOURNAL = {Documenta Mathematica},
	VOLUME = {13},
	YEAR = {2008},
	PAGES = {207--273},
}

@article {ArdilaBenedettiDoker,
	AUTHOR = {Federico~Ardila and Carolina~Benedetti and Jeffrey~Doker},
	TITLE = {Matroid polytopes and their volumes},
	JOURNAL = {Discrete Comput.~Geom.},
	FJOURNAL = {Discrete \& Computational Geometry. An International Journal of Mathematics and Computer Science},
	VOLUME = {43},
	YEAR = {2010},
	NUMBER = {4},
	PAGES = {841--854},
}

@article {FeichtnerSturmfels,
	AUTHOR = {Eva~Maria~Feichtner and Bernd~Sturmfels},
	TITLE = {Matroid polytopes, nested sets and {B}ergman fans},
	JOURNAL = {Port. Math. (N.S.)},
	FJOURNAL = {Portugaliae Mathematica. Nova S\'erie},
	VOLUME = {62},
	YEAR = {2005},
	NUMBER = {4},
	PAGES = {437--468},
}

@article {Zelevinsky,
	AUTHOR = {Andrei Zelevinsky},
	TITLE = {Nested complexes and their polyhedral realizations},
	JOURNAL = {Pure Appl. Math. Q.},
	FJOURNAL = {Pure and Applied Mathematics Quarterly},
	VOLUME = {2},
	YEAR = {2006},
	NUMBER = {3},
	PAGES = {655--671},
}

@article {CarrDevadoss,
	AUTHOR = {Michael~P.~Carr and Satyan~L.~Devadoss},
	TITLE = {Coxeter complexes and graph-associahedra},
	JOURNAL = {Topology Appl.},
	FJOURNAL = {Topology and its Applications},
	VOLUME = {153},
	YEAR = {2006},
	NUMBER = {12},
	PAGES = {2155--2168},
}

@article {Devadoss,
	AUTHOR = {Satyan L. Devadoss},
	TITLE = {A realization of graph associahedra},
	JOURNAL = {Discrete Math.},
	FJOURNAL = {Discrete Mathematics},
	VOLUME = {309},
	YEAR = {2009},
	NUMBER = {1},
	PAGES = {271--276},
}

@unpublished {Pilaud-signedTreeAssociahedra,
	AUTHOR = {Vincent Pilaud},
	TITLE = {Signed tree associahedra},
 	NOTE = {Preprint, \href{http://arxiv.org/abs/1309.5222}{\texttt{arXiv:1309.5222}}}, 
	YEAR = {2013},
}

@article {MannevillePilaud-compatibilityFans,
	AUTHOR = {Manneville, Thibault and Pilaud, Vincent},
	TITLE = {Compatibility fans for graphical nested complexes},
	JOURNAL = {J. Combin. Theory Ser. A},
	FJOURNAL = {Journal of Combinatorial Theory. Series A},
	VOLUME = {150},
	YEAR = {2017},
	PAGES = {36--107},
}

@article {Pilaud-removahedra,
	AUTHOR = {Pilaud, Vincent},
	TITLE = {Which nestohedra are removahedra?},
	JOURNAL = {Rev. Colombiana Mat.},
	FJOURNAL = {Revista Colombiana de Matem\'aticas},
	VOLUME = {51},
	YEAR = {2017},
	NUMBER = {1},
	PAGES = {21--42},
}

@article {HuberRambauSantos,
	AUTHOR = {Huber, Birkett and Rambau, J\"org and Santos, Francisco},
	TITLE = {The {C}ayley trick, lifting subdivisions and the {B}ohne-{D}ress theorem on zonotopal tilings},
	JOURNAL = {J. Eur. Math. Soc. (JEMS)},
	FJOURNAL = {Journal of the European Mathematical Society (JEMS)},
	VOLUME = {2},
	YEAR = {2000},
	NUMBER = {2},
	PAGES = {179--198},
}

@article {DevelinSturmfels,
	AUTHOR = {Develin, Mike and Sturmfels, Bernd},
	TITLE = {Tropical convexity},
	JOURNAL = {Doc. Math.},
	FJOURNAL = {Documenta Mathematica},
	VOLUME = {9},
	YEAR = {2004},
	PAGES = {1--27},
}

@article {DeConciniProcesi,
	AUTHOR = {De Concini, Conrado and Procesi, Claudio},
	TITLE = {Wonderful models of subspace arrangements},
	JOURNAL = {Selecta Math. (N.S.)},
	FJOURNAL = {Selecta Mathematica. New Series},
	VOLUME = {1},
	YEAR = {1995},
	NUMBER = {3},
	PAGES = {459--494},
}



@unpublished {ACEP-DeformationsCoxeterPermutahedra,
	AUTHOR = {Federico Ardila and Federico Castillo and Christopher Eur and Alexander Postnikov},
	TITLE = {Coxeter submodular functions and deformations of Coxeter permutahedra},
	NOTE = {Preprint, \href{http://arxiv.org/abs/1904.11029}{\texttt{arXiv:1904.11029}}},
	YEAR = {2019},
}
% subword complex

@article {KnutsonMiller-subwordComplex,
	AUTHOR = {Allen~Knutson and Ezra~Miller},
	TITLE = {Subword complexes in {C}oxeter groups},
	JOURNAL = {Adv.~Math.},
	FJOURNAL = {Advances in Mathematics},
	VOLUME = {184},
	YEAR = {2004},
	NUMBER = {1},
	PAGES = {161--176}
}

@article {KnutsonMiller-GroebnerGeometry,
	AUTHOR = {Allen~Knutson and Ezra~Miller},
	TITLE = {Gr\"obner geometry of {S}chubert polynomials},
	JOURNAL = {Ann. of Math. (2)},
	FJOURNAL = {Annals of Mathematics. Second Series},
	VOLUME = {161},
	YEAR = {2005},
	NUMBER = {3},
	PAGES = {1245--1318}
}

@unpublished {Woo,
	AUTHOR = {A.~Woo},
	TITLE = {Catalan numbers and {S}chubert polynomials for $w=1(n+1)... 2$},
 	NOTE = {Preprint, \texttt{arXiv:math/0407160}},
	YEAR = {2004},
}

@article {PilaudPocchiola,
	AUTHOR = {Vincent Pilaud and Michel Pocchiola},
	TITLE = {Multitriangulations, pseudotriangulations and primitive sorting networks},
	JOURNAL = {Discrete Comput. Geom.},
	FJOURNAL = {Discrete \& Computational Geometry. An International Journal of Mathematics and Computer Science},
	VOLUME = {48},
	YEAR = {2012},
	NUMBER = {1},
	PAGES = {142--191},
}

@article {Stump,
	AUTHOR = {Christian~Stump},
	TITLE = {A new perspective on $k$-triangulations},
	JOURNAL = {J. Combin. Theory Ser. A},
	FJOURNAL = {Journal of Combinatorial Theory. Series A },
	VOLUME = {118},
	YEAR = {2011},
	NUMBER = {6},
	PAGES = {1794--1800},
}

@article {CeballosLabbeStump,
	AUTHOR = {Cesar~Ceballos and Jean-Philippe~Labb\'e and Christian~Stump},
	TITLE = {Subword complexes, cluster complexes, and generalized multi-associahedra},
	JOURNAL = {J. Algebraic Combin.},
	FJOURNAL = {Journal of Algebraic Combinatorics. An International Journal},
	VOLUME = {39},
	YEAR = {2014},
	NUMBER = {1},
	PAGES = {17--51},
}

@incollection {PilaudStump-ELlabeling,
	AUTHOR = {Vincent Pilaud and Christian Stump},
	TITLE = {{EL}-labelings and canonical spanning trees for subword complexes},
	BOOKTITLE = {Discrete Geometry and Optimization},
	PUBLISHER = {Springer},
	SERIES = {Fields Institute Communications Series},
	YEAR = {2013},
	PAGES = {213--248},
}

@article {CeballosPilaud,
	AUTHOR = {Cesar Ceballos and Vincent Pilaud},
	TITLE = {Denominator vectors and compatibility degrees in cluster algebras of finite types},
 	JOURNAL = {Trans. Amer. Math. Soc.},
	FJOURNAL = {Transactions of the Americcan Mathematical Society},
	VOLUME = {367},
	PAGES = {1421--1439},
	YEAR = {2015},
}

% generalizations weak order

@incollection{Bjorner,
	AUTHOR = {Bj{\"o}rner, Anders},
	TITLE = {Orderings of {C}oxeter groups},
	BOOKTITLE = {Combinatorics and algebra ({B}oulder, {C}olo., 1983)},
	PAGES = {175--195},
	PUBLISHER = {Amer. Math. Soc., Providence, RI},
	SERIES = {Contemp. Math.},
	VOLUME = {34},
	YEAR = {1984}
}

@unpublished {KrobLatapyNovelliPhanSchwer,
	AUTHOR = {Daniel Krob and Matthieu Latapy and Jean-Christophe Novelli and Ha-Duong Phan and Sylviane Schwer},
	TITLE = {Pseudo-{P}ermutations {I}: {F}irst {C}ombinatorial and {L}attice {P}roperties},
	NOTE = {13th International Conference on Formal Power Series and Algebraic Combinatorics (FPSAC 2001)},
	YEAR = {2001},
}

@article {PalaciosRonco,
	AUTHOR = {Palacios, Patricia and Ronco, Mar{\'{\i}}a O.},
	TITLE = {Weak {B}ruhat order on the set of faces of the permutohedron and the associahedron},
	JOURNAL = {J. Algebra},
	FJOURNAL = {Journal of Algebra},
	VOLUME = {299},
	YEAR = {2006},
	NUMBER = {2},
	PAGES = {648--678},
}

@article {DermenjianHohlwegPilaud,
	AUTHOR = {Aram Dermenjian and Christophe Hohlweg and Vincent Pilaud},
	TITLE = {The facial weak order and its lattice quotients},
	JOURNAL = {Trans. Amer. Math. Soc.},
	FJOURNAL = {Transactions of the American Mathematical Society},
	VOLUME = {370},
	YEAR = {2018},
	NUMBER = {2},
	PAGES = {1469--1507},
}

@unpublished {ChatelPilaudPons,
	AUTHOR = {Gr\'egory Chatel and Vincent Pilaud and Viviane Pons},
	TITLE = {The weak order on integer posets},
	NOTE = {Preprint, \href{http://arxiv.org/abs/1701.07995}{\texttt{arXiv:1701.07995}}},
	YEAR = {2017},
}

@unpublished {GayPilaud,
	AUTHOR = {Jo\"el Gay and Vincent Pilaud},
	TITLE = {The weak order on Weyl posets},
	NOTE = {Preprint, \href{http://arxiv.org/abs/1804.06572}{\texttt{arXiv:1804.06572}}},
	YEAR = {2018},
}

% representation theory

@unpublished {DemonetIyamaReadingReitenThomas,
	AUTHOR = {Laurent Demonet and Osamu Iyama and Nathan Reading and Idun Reiten and Hugh Thomas},
	TITLE = {Lattice theory of torsion classes},
 	NOTE = {Preprint, \href{http://arxiv.org/abs/1711.01785}{\texttt{arXiv:1711.01785}}}, 
	YEAR = {2017},
}

@article {DemonetIyamaJasso,
    AUTHOR = {Laurent Demonet and Osamu Iyama and Gustavo Jasso},
     TITLE = {{$\tau$}-tilting finite algebras, bricks, and {$g$}-vectors},
   JOURNAL = {Int. Math. Res. Not. IMRN},
  FJOURNAL = {International Mathematics Research Notices. IMRN},
      YEAR = {2019},
    NUMBER = {3},
     PAGES = {852--892},
      ISSN = {1073-7928},
   MRCLASS = {16D90 (16G10 16G20)},
  MRNUMBER = {3910476},
}

@unpublished {BrustleDouvilleMousavandThomasYildirim,
	AUTHOR = {Thomas Br\"stle and Guillaume Douville and Kaveh Mousavand and Hugh Thomas and Emine Y\i{}ld\i{}r\i{}m},
	TITLE = {On the combinatorics of gentle algebras},
 	NOTE = {Preprint, \href{http://arxiv.org/abs/1707.07665}{\texttt{arXiv:1707.07665}}}, 
	YEAR = {2017},
}

@article {AdachiIyamaReiten,
	AUTHOR = {Adachi, Takahide and Iyama, Osamu and Reiten, Idun},
	TITLE = {{$\tau$}-tilting theory},
	JOURNAL = {Compos. Math.},
	FJOURNAL = {Compositio Mathematica},
	VOLUME = {150},
	YEAR = {2014},
	NUMBER = {3},
	PAGES = {415--452},
}

@article {BuanMarshReinekeReitenTodorov,
	AUTHOR = {Buan, Aslak Bakke and Marsh, Robert and Reineke, Markus and Reiten, Idun and Todorov, Gordana},
	TITLE = {Tilting theory and cluster combinatorics},
	JOURNAL = {Adv. Math.},
	FJOURNAL = {Advances in Mathematics},
	VOLUME = {204},
	YEAR = {2006},
	NUMBER = {2},
	PAGES = {572--618},
}

@article {CalderoChapotonSchiffler,
	AUTHOR = {Caldero, Philippe and Chapoton, Fr\'d\'ric and Schiffler, Ralf},
	TITLE = {Quivers with relations arising from clusters ({$A_n$} case)},
	JOURNAL = {Trans. Amer. Math. Soc.},
	FJOURNAL = {Transactions of the American Mathematical Society},
	VOLUME = {358},
	YEAR = {2006},
	NUMBER = {3},
	PAGES = {1347--1364},
}

@article {DehyKeller,
	AUTHOR = {Dehy, Raika and Keller, Bernhard},
	TITLE = {On the combinatorics of rigid objects in 2-{C}alabi-{Y}au categories},
	JOURNAL = {Int. Math. Res. Not. IMRN},
	FJOURNAL = {International Mathematics Research Notices. IMRN},
	YEAR = {2008},
	NUMBER = {11},
	PAGES = {Art. ID rnn029, 17},
}

@article {ButlerRingel,
	AUTHOR = {Butler, M. C. R. and Ringel, Claus Michael},
	TITLE = {Auslander-{R}eiten sequences with few middle terms and applications to string algebras},
	JOURNAL = {Comm. Algebra},
	FJOURNAL = {Communications in Algebra},
	VOLUME = {15},
	YEAR = {1987},
	NUMBER = {1-2},
	PAGES = {145--179},
}

@article {KellerReiten,
	AUTHOR = {Keller, Bernhard and Reiten, Idun},
	TITLE = {Cluster-tilted algebras are {G}orenstein and stably {C}alabi-{Y}au},
	JOURNAL = {Adv. Math.},
	FJOURNAL = {Advances in Mathematics},
	VOLUME = {211},
	YEAR = {2007},
	NUMBER = {1},
	PAGES = {123--151},
}

@article {BuanMarshReiten,
	AUTHOR = {Buan, Aslak Bakke and Marsh, Robert J. and Reiten, Idun},
	TITLE = {Cluster-tilted algebras},
	JOURNAL = {Trans. Amer. Math. Soc.},
	FJOURNAL = {Transactions of the American Mathematical Society},
	VOLUME = {359},
	YEAR = {2007},
	NUMBER = {1},
	PAGES = {323--332},
}

@article {Palu,
	AUTHOR = {Palu, Yann},
	TITLE = {Cluster characters for 2-{C}alabi-{Y}au triangulated categories},
	JOURNAL = {Ann. Inst. Fourier (Grenoble)},
	FJOURNAL = {Universit\'{e} de Grenoble. Annales de l'Institut Fourier},
	VOLUME = {58},
	YEAR = {2008},
	NUMBER = {6},
	PAGES = {2221--2248},
}

@article {Auslander1984,
	AUTHOR = {Auslander, Maurice},
	TITLE = {Relations for {G}rothendieck groups of {A}rtin algebras},
	JOURNAL = {Proc. Amer. Math. Soc.},
	FJOURNAL = {Proceedings of the American Mathematical Society},
	VOLUME = {91},
	YEAR = {1984},
	NUMBER = {3},
	PAGES = {336--340},
}

@unpublished {IyamaNakaokaPalu,
	AUTHOR = {Osamu Iyama and Hiroyuki Nakaoka and Yann Palu},
	TITLE = {Auslander--{R}eiten theory in extriangulated categories},
	NOTE = {Preprint, \href{https://arxiv.org/abs/1805.03776}{\texttt{arXiv:1805.03776}}}, 
	YEAR = {2018},
}

@article {NakaokaPalu,
	AUTHOR = {Hiroyuki Nakaoka and Yann Palu},
	TITLE = {Extriangulated categories, {H}ovey twin cotorsion pairs and model structures},
	JOURNAL = {Cah. Topol. G\'{e}om. Diff\'{e}r. Cat\'{e}g.},
	FJOURNAL = {Cahiers de Topologie et G\'{e}om\'{e}trie Diff\'{e}rentielle Cat\'{e}goriques},
	VOLUME = {{L}{X}},
	YEAR = {2019},
}

@article {ReitenVandenbergh,
	AUTHOR = {Reiten, I. and Van den Bergh, M.},
	TITLE = {Noetherian hereditary abelian categories satisfying {S}erre duality},
	JOURNAL = {J. Amer. Math. Soc.},
	FJOURNAL = {Journal of the American Mathematical Society},
	VOLUME = {15},
	YEAR = {2002},
	NUMBER = {2},
	PAGES = {295--366},
}

@article {KoenigZhu,
	AUTHOR = {Koenig, Steffen and Zhu, Bin},
	TITLE = {From triangulated categories to abelian categories: cluster tilting in a general framework},
	JOURNAL = {Math. Z.},
	FJOURNAL = {Mathematische Zeitschrift},
	VOLUME = {258},
	YEAR = {2008},
	NUMBER = {1},
	PAGES = {143--160},
}

@article {IyamaYoshino,
	AUTHOR = {Iyama, Osamu and Yoshino, Yuji},
	TITLE = {Mutation in triangulated categories and rigid {C}ohen-{M}acaulay modules},
	JOURNAL = {Invent. Math.},
	FJOURNAL = {Inventiones Mathematicae},
	VOLUME = {172},
	YEAR = {2008},
	NUMBER = {1},
	PAGES = {117--168},
}

@article {AuslanderReiten-ModulesCompositionFactors,
	AUTHOR = {Auslander, Maurice and Reiten, Idun},
	TITLE = {Modules  determined by their composition  factors, {I}{I}{I}},
	JOURNAL = {J. of Math.},
	FJOURNAL = {Journal of Mathematics},
	VOLUME = {29},
	YEAR = {1985},
	PAGES = {280--301},
}

% type cone

@unpublished {BazierMatteDouvilleMousavandThomasYildirim,
	AUTHOR = {V\'eronique Bazier-Matte and Guillaume Douville and Kaveh Mousavand and Hugh Thomas and Emine Y\i{}ld\i{}r\i{}m},
	TITLE = {{ABHY} {A}ssociahedra and {N}ewton polytopes of ${F}$-polynomials for finite type cluster algebras},
 	NOTE = {Preprint, \href{http://arxiv.org/abs/1808.09986}{\texttt{arXiv:1808.09986}}}, 
	YEAR = {2018},
}

@unpublished {HerschendLiuNakaoka,
	AUTHOR = {Herschend, Martin and Liu, Yu and Nakaoka, Hiroyuki},
	TITLE = {n-{E}xangulated categories},
	NOTE = {Preprint, \href{https://arxiv.org/abs/1709.06689}{\texttt{arXiv:1709.06689}}},
	YEAR = {2017},
}

@article {McMullen-typeCone,
	AUTHOR = {McMullen, P.},
	TITLE = {Representations of polytopes and polyhedral sets},
	JOURNAL = {Geometriae Dedicata},
	FJOURNAL = {Geometriae Dedicata},
	VOLUME = {2},
	YEAR = {1973},
	PAGES = {83--99},
}

@article {Meyer,
	AUTHOR = {Meyer, Walter},
	TITLE = {Indecomposable polytopes},
	JOURNAL = {Trans. Amer. Math. Soc.},
	FJOURNAL = {Transactions of the American Mathematical Society},
	VOLUME = {190},
	YEAR = {1974},
	PAGES = {77--86},
}

@article {PukhlikovKhovanskii,
	AUTHOR = {Pukhlikov, A. V. and Khovanski\u{\i}, A. G.},
	TITLE = {Finitely additive measures of virtual polyhedra},
	JOURNAL = {Algebra i Analiz},
	FJOURNAL = {Rossi\u{\i}skaya Akademiya Nauk. Algebra i Analiz},
	VOLUME = {4},
	YEAR = {1992},
	NUMBER = {2},
	PAGES = {161--185},
}
	
@article {McMullen-Valuations,
	AUTHOR = {McMullen, P.},
	TITLE = {Valuations and {E}uler-type relations on certain classes of convex polytopes},
	JOURNAL = {Proc. London Math. Soc. (3)},
	FJOURNAL = {Proceedings of the London Mathematical Society. Third Series},
	VOLUME = {35},
	YEAR = {1977},
	NUMBER = {1},
	PAGES = {113--135},
}


% sage, OEIS

@manual {Sage,
	AUTHOR = {The {S}age developers},
	TITLE = {{S}age {M}athematics {S}oftware},
	NOTE = {\url{http://www.sagemath.org}},
	YEAR = {2016},
}

@manual {SageCombinat,
	AUTHOR = {The {S}age-{C}ombinat community},
	TITLE = {{S}age-{C}ombinat: enhancing {S}age as a toolbox for computer exploration in algebraic combinatorics},
	NOTE = {\url{http://wiki.sagemath.org/combinat}},
	YEAR = {2016},
}

@unpublished {OEIS,
  	KEY = {{OEIS}},
	TITLE = {The {O}n-{L}ine {E}ncyclopedia of {I}nteger {S}equences},
	NOTE = {Published electronically at \url{http://oeis.org}},
	YEAR = {2010},
}

@article {ZhouZhu-TriangulatedQuotient,
    AUTHOR = {Zhou, Panyue and Zhu, Bin},
     TITLE = {Triangulated quotient categories revisited},
   JOURNAL = {J. Algebra},
  FJOURNAL = {Journal of Algebra},
    VOLUME = {502},
      YEAR = {2018},
     PAGES = {196--232},
      ISSN = {0021-8693},
   MRCLASS = {18E10 (18E30 18E40)},
  MRNUMBER = {3774890},
MRREVIEWER = {Leovigildo M. Alonso Tarrio},
}

@unpublished {ChangZhouZhu-ClusterSubalgebras,
	AUTHOR = {Chang, Wen and Zhou, Panyue and Zhu, Bin},
	TITLE = {Cluster subalgebras and cotorsion pairs in {F}robenius extriangulated categories},
	NOTE = {Preprint, \href{https://arxiv.org/abs/1610.05006}{\texttt{arXiv:1610.05006}}},
	YEAR = {2016},
}

@unpublished {ZhaoHuang-Phantom,
	AUTHOR = {Zhao, Tiwei and Huang, Zhaoyong},
	TITLE = {Phantom ideals and cotorsion pairs in extriangulated categories},
	NOTE = {Preprint, \href{https://arxiv.org/abs/1611.00477}{\texttt{arXiv:1611.00477}}},
	YEAR = {2016},
}

@unpublished {LiuNakaoka-Hearts,
	AUTHOR = {Liu, Yu and Nakaoka, Hiroyuki},
	TITLE = {Hearts of twin Cotorsion pairs on extriangulated categories},
	NOTE = {Preprint, \href{https://arxiv.org/abs/1702.00244}{\texttt{arXiv:1702.00244}}},
	YEAR = {2017},
}

@unpublished {Pressland,
	AUTHOR = {Pressland, Matthew},
	TITLE = {A categorification of acyclic principal coefficient cluster algebras},
	NOTE = {Preprint, \href{https://arxiv.org/abs/1702.05352}{\texttt{arXiv:1702.05352}}},
	YEAR = {2017},
}

@unpublished {Liu-LocalizationsHearts,
	AUTHOR = {Liu, Yu},
	TITLE = {Localizations of the hearts of cotorsion pairs associated with mutations},
	NOTE = {Preprint, \href{https://arxiv.org/abs/1705.00278}{\texttt{arXiv:1705.00278}}},
	YEAR = {2017},
}

@unpublished {LiuZhou-Abelian,
	AUTHOR = {Liu, Yu and Zhou, Panyue},
	TITLE = {Abelian categories arising from cluster tilting subcategories},
	NOTE = {Preprint, \href{https://arxiv.org/abs/1809.02315}{\texttt{arXiv:1809.02315}}},
	YEAR = {2018},
}

@unpublished {LiuZhou-AbelianII,
	AUTHOR = {Liu, Yu and Zhou, Panyue},
	TITLE = {Abelian categories arising from cluster-tilting subcategories {I}{I}: quotient functors},
	NOTE = {Preprint, \href{https://arxiv.org/abs/1809.06597}{\texttt{arXiv:1809.06597}}},
	YEAR = {2018},
}

@unpublished {Jin,
	AUTHOR = {Jin, Haibo},
	TITLE = {Cohen-{M}acaulay differential graded modules and negative {C}alabi-{Y}au configurations},
	NOTE = {Preprint, \href{https://arxiv.org/abs/1812.03737}{\texttt{arXiv:1812.03737}}},
	YEAR = {2018},
}

@article {BuanIyamaReitenScott,
    AUTHOR = {Buan, A. B. and Iyama, O. and Reiten, I. and Scott, J.},
     TITLE = {Cluster structures for 2-{C}alabi-{Y}au categories and
              unipotent groups},
   JOURNAL = {Compos. Math.},
  FJOURNAL = {Compositio Mathematica},
    VOLUME = {145},
      YEAR = {2009},
    NUMBER = {4},
     PAGES = {1035--1079},
      ISSN = {0010-437X},
   MRCLASS = {18E30 (13F60 16G20)},
  MRNUMBER = {2521253},
}

@article {FuKeller,
    AUTHOR = {Fu, Changjian and Keller, Bernhard},
     TITLE = {On cluster algebras with coefficients and 2-{C}alabi-{Y}au
              categories},
   JOURNAL = {Trans. Amer. Math. Soc.},
  FJOURNAL = {Transactions of the American Mathematical Society},
    VOLUME = {362},
      YEAR = {2010},
    NUMBER = {2},
     PAGES = {859--895},
      ISSN = {0002-9947},
   MRCLASS = {13F60 (18E99)},
  MRNUMBER = {2551509},
MRREVIEWER = {Calin Chindris},

}


@unpublished {LiuZhou-Gorenstein,
	AUTHOR = {Liu, Yu and Zhou, Panyue},
	TITLE = {Gorenstein dimension of abelian categories},
	NOTE = {Preprint, \href{https://arxiv.org/abs/1904.09797}{\texttt{arXiv:1904.09797}}},
	YEAR = {2019},
}
