
% General books

@book{DeLoeraRambauSantos,
	AUTHOR = {Jesus~A.~{De Loera} and J\"org~Rambau and Francisco~Santos},
	TITLE = {Triangulations: Structures for Algorithms and Applications},
	PUBLISHER = {Springer Verlag},
	YEAR = {2010},
	VOLUME = {25},
	SERIES = {Algorithms and {C}omputation in Mathematics},
}

@book {Ziegler-polytopes,
	AUTHOR = {G{\"u}nter~M.~Ziegler},
	TITLE = {Lectures on Polytopes},
	SERIES = {Graduate texts in Mathematics},
	PUBLISHER = {Springer-Verlag},
	ADDRESS = {New York},
	VOLUME = {152},
	YEAR = {1998},
	PAGES = {vii+370},
}

@book {GelfandKapranovZelevinsky,
	AUTHOR = {Israel~Gelfand and Mikhail~Kapranov and Andrei~Zelevinsky},
	TITLE = {Discriminants, resultants and multidimensional determinants},
	SERIES = {Modern Birkh\"auser Classics},
	NOTE = {Reprint of the 1994 edition},
	PUBLISHER = {Birkh\"auser Boston Inc.},
	ADDRESS = {Boston, MA},
	YEAR = {2008},
	PAGES = {x+523},
}

@book {AssemSimsonSkowronski,
	AUTHOR = {Assem, Ibrahim and Simson, Daniel and Skowro\'nski, Andrzej},
	TITLE = {Elements of the representation theory of associative algebras. {V}ol. 1},
	SERIES = {London Mathematical Society Student Texts},
	VOLUME = {65},
	NOTE = {Techniques of representation theory},
	PUBLISHER = {Cambridge University Press, Cambridge},
	YEAR = {2006},
	PAGES = {x+458},
}

@book {Schiffler,
	AUTHOR = {Schiffler, Ralf},
	TITLE = {Quiver representations},
	SERIES = {CMS Books in Mathematics/Ouvrages de Math\'ematiques de la SMC},
	PUBLISHER = {Springer, Cham},
	YEAR = {2014},
	PAGES = {xii+230},
}

% grid quivers

@article {PetersenPylyavskyySpeyer,
	AUTHOR = {Petersen, T. Kyle and Pylyavskyy, Pavlo and Speyer, David E.},
	TITLE = {A non-crossing standard monomial theory},
	JOURNAL = {J. Algebra},
	FJOURNAL = {Journal of Algebra},
	VOLUME = {324},
	YEAR = {2010},
	NUMBER = {5},
	PAGES = {951--969},
}

@article {SantosStumpWelker,
	AUTHOR = {Santos, Francisco and Stump, Christian and Welker, Volkmar},
	TITLE = {Noncrossing sets and a {G}rassmann associahedron},
	JOURNAL = {Forum Math. Sigma},
	FJOURNAL = {Forum of Mathematics. Sigma},
	VOLUME = {5},
	YEAR = {2017},
	PAGES = {e5, 49},
}

@article {McConville,
	AUTHOR = {Thomas McConville},
	TITLE = {Lattice structure of {G}rid-{T}amari orders},
	JOURNAL = {J. Combin. Theory Ser. A},
	FJOURNAL = {Journal of Combinatorial Theory, Series A},
	VOLUME = {148},
	YEAR = {2017},
	PAGES = {27--56},
}

@unpublished {GarverMcConville-grid,
	AUTHOR = {Alexander Garver and Thomas McConville},
	TITLE = {Enumerative properties of {G}rid-{A}ssociahedra},
 	NOTE = {Preprint, \href{http://arxiv.org/abs/1705.04901}{\texttt{arXiv:1705.04901}}}, 
	YEAR = {2017},
}

@unpublished {McConville-FPSAC,
	AUTHOR = {Thomas McConville},
	TITLE = {Enumerative properties of grid associahedra},
 	NOTE = {In preparation}, 
	YEAR = {2017},
}

% dissection quivers

@article {GarverMcConville,
    AUTHOR = {Garver, Alexander and McConville, Thomas},
	TITLE = {Oriented flip graphs of polygonal subdivisions and noncrossing tree partitions},
	JOURNAL = {J. Combin. Theory Ser. A},
	FJOURNAL = {Journal of Combinatorial Theory. Series A},
	VOLUME = {158},
	YEAR = {2018},
	PAGES = {126--175},
}

@unpublished {MannevillePilaud-accordion,
	AUTHOR = {Thibault Manneville and Vincent Pilaud},
	TITLE = {Geometric realizations of the accordion complex of a dissection},
 	NOTE = {Preprint, \href{http://arxiv.org/abs/1703.09953}{\texttt{arXiv:1703.09953}}. To appear in \emph{Discrete \& Comput.~Geom.}}, 
	YEAR = {2017},
}

@article {Chapoton-quadrangulations,
	AUTHOR = {Fr\'ed\'eric Chapoton},
	TITLE = {Stokes posets and serpent nests},
	JOURNAL = {Discrete Math. Theor. Comput. Sci.},
	VOLUME = {18},
	NUMBER = {3},
	YEAR = {2016},
}

@incollection {Baryshnikov,
	AUTHOR = {Baryshnikov, Yuliy},
	TITLE = {On {S}tokes sets},
	BOOKTITLE = {New developments in singularity theory ({C}ambridge, 2000)},
	SERIES = {NATO Sci. Ser. II Math. Phys. Chem.},
	VOLUME = {21},
	PAGES = {65--86},
	PUBLISHER = {Kluwer Acad. Publ., Dordrecht},
	YEAR = {2001},
}

@unpublished {PilaudPlamondonStella,
	AUTHOR = {Pilaud, Vincent and Plamondon, Pierre-Guy and Stella, Salvatore},
	TITLE = {A {$\tau$}-tilting approach to dissections of polygons},
	JOURNAL = {SIGMA Symmetry Integrability Geom. Methods Appl.},
	FJOURNAL = {SIGMA. Symmetry, Integrability and Geometry. Methods and Applications},
	VOLUME = {14},
	YEAR = {2018},
	PAGES = {Paper No. 045, 8},
}

% Cluster algebras

@article {FominZelevinsky-ClusterAlgebrasI,
	AUTHOR = {Sergey Fomin and Andrei Zelevinsky},
	TITLE = {Cluster algebras. {I}. {F}oundations},
	JOURNAL = {J. Amer. Math. Soc.},
	FJOURNAL = {Journal of the American Mathematical Society},
	VOLUME = {15},
	YEAR = {2002},
	NUMBER = {2},
	PAGES = {497--529},
}

@article {FominZelevinsky-ClusterAlgebrasII,
	AUTHOR = {Sergey Fomin and Andrei Zelevinsky},
	TITLE = {Cluster algebras. {II}. {F}inite type classification},
	JOURNAL = {Invent. Math.},
	FJOURNAL = {Inventiones Mathematicae},
	VOLUME = {154},
	YEAR = {2003},
	NUMBER = {1},
	PAGES = {63--121},
}

@article {FominZelevinsky-ClusterAlgebrasIV,
	AUTHOR = {Sergey Fomin and Andrei Zelevinsky},
	TITLE = {Cluster algebras. {IV}. {C}oefficients},
	JOURNAL = {Compos. Math.},
	FJOURNAL = {Compositio Mathematica},
	VOLUME = {143},
	YEAR = {2007},
	NUMBER = {1},
	PAGES = {112--164},
}

@article {FominZelevinsky-YSystems,
	AUTHOR = {Sergey Fomin and Andrei Zelevinsky},
	TITLE = {{$Y$}-systems and generalized associahedra},
	JOURNAL = {Ann. of Math. (2)},
	FJOURNAL = {Annals of Mathematics. Second Series},
	VOLUME = {158},
	YEAR = {2003},
	NUMBER = {3},
	PAGES = {977--1018},
}

@article {FominShapiroThurston,
	AUTHOR = {Fomin, Sergey and Shapiro, Michael and Thurston, Dylan},
	TITLE = {Cluster algebras and triangulated surfaces {I}. {C}luster complexes},
	JOURNAL = {Acta Math.},
	FJOURNAL = {Acta Mathematica},
	VOLUME = {201},
	YEAR = {2008},
	NUMBER = {1},
	PAGES = {83--146},
}

@unpublished {FominThurston,
	AUTHOR = {Sergey Fomin and Dylan Thurston},
	TITLE = {Cluster algebras and triangulated surfaces. Part {II}: Lambda lengths},
 	NOTE = {Preprint, \href{http://arxiv.org/abs/1210.5569}{\texttt{arXiv:1210.5569}}}, 
	YEAR = {2012},
}

@incollection {NakanishiZelevinsky,
	AUTHOR = {Nakanishi, Tomoki and Zelevinsky, Andrei},
	TITLE = {On tropical dualities in cluster algebras},
	BOOKTITLE = {Algebraic groups and quantum groups},
	SERIES = {Contemp. Math.},
	VOLUME = {565},
	PAGES = {217--226},
	PUBLISHER = {Amer. Math. Soc., Providence, RI},
	YEAR = {2012},
}

@article {YangZelevinsky,
	AUTHOR = {Yang, Shih-Wei and Zelevinsky, Andrei},
	TITLE = {Cluster algebras of finite type via {C}oxeter elements and principal minors},
	JOURNAL = {Transform. Groups},
	FJOURNAL = {Transformation Groups},
	VOLUME = {13},
	YEAR = {2008},
	NUMBER = {3-4},
	PAGES = {855--895},
}

@article {NakanishiStella,
	AUTHOR = {Nakanishi, Tomoki and Stella, Salvatore},
	TITLE = {Diagrammatic description of {$c$}-vectors and {$d$}-vectors of cluster algebras of finite type},
	JOURNAL = {Electron. J. Combin.},
	FJOURNAL = {Electronic Journal of Combinatorics},
	VOLUME = {21},
	YEAR = {2014},
	NUMBER = {1},
	PAGES = {Paper 1.3, 107},
}

@article {BrustleDupontPerotin,
	AUTHOR = {Br{\"u}stle, Thomas and Dupont, Gr{\'e}goire and P{\'e}rotin, Matthieu},
	TITLE = {On maximal green sequences},
	JOURNAL = {Int. Math. Res. Not. IMRN},
	FJOURNAL = {International Mathematics Research Notices. IMRN},
	YEAR = {2014},
	NUMBER = {16},
	PAGES = {4547--4586},
}

@article {Lamberti,
	AUTHOR = {Lisa Lamberti},
	TITLE = {Combinatorial model for the cluster categories of type {E}},
	JOURNAL = {J. Algebraic Combin.},
	FJOURNAL = {Journal of Algebraic Combinatorics. An International Journal},
	YEAR = {2015},
	VOLUME = {41},
	NUMBER = {4},
	PAGES = {1023--1054},
}

@unpublished {GrossHackingKeelKontsevich,
   	AUTHOR = {Mark Gross and Paul Hacking and Sean Keel and Maxim Kontsevich},
	TITLE = {Canonical bases for cluster algebras},
	NOTE = {Preprint, \href{http://arxiv.org/abs/1411.1394}{\texttt{arXiv:1411.1394}}},
	YEAR = {2014},
}

@article {CerulliIrelliKellerLabardiniFragosoPlamondon,
	AUTHOR = {Cerulli Irelli, Giovanni and Keller, Bernhard and Labardini-Fragoso, Daniel and Plamondon, Pierre-Guy},
	TITLE = {Linear independence of cluster monomials for skew-symmetric cluster algebras},
	JOURNAL = {Compos. Math.},
	FJOURNAL = {Compositio Mathematica},
	VOLUME = {149},
	YEAR = {2013},
	NUMBER = {10},
	PAGES = {1753--1764},
}

@article {FeliksonShapiroTumarkin,
	AUTHOR = {Felikson, Anna and Shapiro, Michael and Tumarkin, Pavel},
	TITLE = {Cluster algebras and triangulated orbifolds},
	JOURNAL = {Adv. Math.},
	FJOURNAL = {Advances in Mathematics},
	VOLUME = {231},
	YEAR = {2012},
	NUMBER = {5},
	PAGES = {2953--3002},
}

@article {DerksenWeymanZelevinsky,
	AUTHOR = {Derksen, Harm and Weyman, Jerzy and Zelevinsky, Andrei},
	TITLE = {Quivers with potentials and their representations {II}: applications to cluster algebras},
	JOURNAL = {J. Amer. Math. Soc.},
	FJOURNAL = {Journal of the American Mathematical Society},
	VOLUME = {23},
	YEAR = {2010},
	NUMBER = {3},
	PAGES = {749--790},
}

@unpublished {Demonet,
	AUTHOR = {Demonet, Laurent},
	TITLE = {Mutations of group species with potentials and their representations. {A}pplications to cluster algebras},
 	NOTE = {Preprint, \href{http://arxiv.org/abs/1003.5078}{\texttt{arXiv:1003.5078}}, to appear in \emph{Combinatorica}}, 
	YEAR = {2010},
}

@article {Reading-UniversalCoefficients,
	AUTHOR = {Reading, Nathan},
	TITLE = {Universal geometric cluster algebras},
	JOURNAL = {Math. Z.},
	FJOURNAL = {Mathematische Zeitschrift},
	VOLUME = {277},
	YEAR = {2014},
	NUMBER = {1-2},
	PAGES = {499--547},
}

@unpublished {GarverMcConville-OrientedExchangeGraphs,
   	AUTHOR = {Alexander Garver and Thomas McConville},
	TITLE = {Lattice Properties of Oriented Exchange Graphs and Torsion Classes},
	NOTE = {Preprint, \href{http://arxiv.org/abs/1507.04268}{\texttt{arXiv:1507.04268}}},
	YEAR = {2015},
}

% Classical associahedron

@phdthesis{Tamari,
	AUTHOR = {Dov Tamari},
	TITLE = {Monoides pr\'eordonn\'es et cha\^ines de Malcev},
	SCHOOL = {Universit\'e Paris Sorbonne},
	YEAR = {1951},
}

@article {Stasheff,
	AUTHOR = {Jim~Stasheff},
	TITLE = {Homotopy associativity of {H}-spaces {I}, {II}},
	JOURNAL = {Trans. Amer. Math. Soc.},
	FJOURNAL = {Transactions of the Americcan Mathematical Society},
	VOLUME = {108},
	YEAR = {1963},
	NUMBER = {2},
	PAGES = {293--312},
}

@book {ShniderSternberg,
	AUTHOR = {Steve~Shnider and Shlomo~Sternberg},
	TITLE = {Quantum groups: From coalgebras to {D}rinfeld algebras},
	SERIES = {Series in Mathematical Physics},
	PUBLISHER = {International Press},
	ADDRESS = {Cambridge, MA},
	YEAR = {1993},
	PAGES = {592},
}

@inproceedings {StasheffShnider,
	AUTHOR = {Jim~Stasheff},
	TITLE = {From operads to ``physically'' inspired theories},
	BOOKTITLE = {Operads: Proceedings of Renaissance Conferences (Hartfort, CT/Luminy, 1995)},
	SERIES = {Contemporary Mathematics},
	VOLUME = {202},
	PUBLISHER = {American Mathematical Society},
	ADDRESS = {Cambridge, MA},
	YEAR = {1997},
	PAGES = {53--81},
	NOTE = {Appendix~B by Steve Shnider and Jim~Stasheff for a corrected polytope construction}
}

@unpublished {Haiman,
	AUTHOR = {Mark Haiman},
	TITLE = {Constructing the associahedron},
 	NOTE = {Unpublished manuscript, 11 pages, available at \url{http://www.math.berkeley.edu/~mhaiman/ftp/assoc/manuscript.pdf}}, 
	YEAR = {1984},
}

@article {Lee,
	AUTHOR = {Carl~W.~Lee},
	TITLE = {The associahedron and triangulations of the {$n$}-gon},
	JOURNAL = {European J.~Combin.},
	FJOURNAL = {European Journal of Combinatorics},
	VOLUME = {10},
	YEAR = {1989},
	NUMBER = {6},
	PAGES = {551--560},
}

@article {BilleraFillimanSturmfels,
	AUTHOR = {Louis~J.~Billera and Paul~Filliman and Bernd~Sturmfels},
	TITLE = {Constructions and complexity of secondary polytopes},
	JOURNAL = {Adv.~Math.},
	FJOURNAL = {Advances in Mathematics},
	VOLUME = {83},
	YEAR = {1990},
	NUMBER = {2},
	PAGES = {155--179},
}

@book {TamariFestschrift,
	TITLE = {Associahedra, {T}amari Lattices and Related Structures. Tamari Memorial Festschrift},
	EDITOR = {Folkert M{\"u}ller-Hoissen and Jean Marcel Pallo and Jim Stasheff},
	PUBLISHER = {Springer},
	ADDRESS = {New York},
	SERIES = {Progress in Mathematics},
	VOLUME = {299},
	YEAR = {2012},
	PAGES = {xx+433},
}

@article {Loday,
	AUTHOR = {Jean-Louis~Loday},
	TITLE = {Realization of the {S}tasheff polytope},
	JOURNAL = {Arch.~Math.~(Basel)},
	FJOURNAL = {Archiv der Mathematik},
	VOLUME = {83},
	YEAR = {2004},
	NUMBER = {3},
	PAGES = {267--278},
}

@article {HohlwegLange,
	AUTHOR = {Christophe~Hohlweg and Carsten~Lange},
	TITLE = {Realizations of the associahedron and cyclohedron},
	JOURNAL = {Discrete Comput.~Geom.},
	FJOURNAL = {Discrete \& Computational Geometry. An International Journal of Mathematics and Computer Science},
	VOLUME = {37},
	YEAR = {2007},
	NUMBER = {4},
	PAGES = {517--543}
}

@article {PilaudSantos-brickPolytope,
	AUTHOR = {Vincent~Pilaud and Francisco~Santos},
	TITLE = {The brick polytope of a sorting network},
	JOURNAL = {European~J.~Combin.},
	FJOURNAL = {European Journal of Combinatorics},
	VOLUME = {33},
	YEAR = {2012},
	NUMBER = {4},
	PAGES = {632--662},
}

@article {CeballosSantosZiegler,
	AUTHOR = {Cesar~Ceballos and Francisco~Santos and G\"unter~M.~Ziegler},
	TITLE = {Many non-equivalent realizations of the associahedron},
	JOURNAL = {Combinatorica},
	YEAR = {2015},
	VOLUME = {35},
	NUMBER = {5},
	PAGES = {513--551},
}

@article {Postnikov,
	AUTHOR = {Alexander~Postnikov},
	TITLE = {Permutohedra, associahedra, and beyond},
	JOURNAL = {Int. Math. Res. Not. IMRN},
	FJOURNAL = {International Mathematics Research Notices. IMRN},
	YEAR = {2009},
	NUMBER = {6},
	PAGES = {1026--1106},
}

@article {LangePilaud,
	AUTHOR = {Lange, Carsten and Pilaud, Vincent},
	TITLE = {Associahedra via spines},
	JOURNAL = {Combinatorica},
	FJOURNAL = {Combinatorica. An International Journal on Combinatorics and the Theory of Computing},
	VOLUME = {38},
	YEAR = {2018},
	NUMBER = {2},
	PAGES = {443--486},
}

% generalized associahedra

@article {ChapotonFominZelevinsky,
	AUTHOR = {Fr{\'e}d{\'e}ric~Chapoton and Sergey~Fomin and Andrei~Zelevinsky},
	TITLE = {Polytopal Realizations of Generalized Associahedra},
	JOURNAL = {Canad. Math. Bull.},
	FJOURNAL = {Canadian Mathematical Bulletin. Bulletin Canadien de Math{\'e}matiques. },
	VOLUME = {45},
	YEAR = {2002},
	NUMBER = {4},
	PAGES = {537--566},
}

@article {HohlwegLangeThomas,
	AUTHOR = {Christophe~Hohlweg and Carsten~Lange and Hugh~Thomas},
	TITLE = {Permutahedra and generalized associahedra},
	JOURNAL = {Adv. Math.},
	FJOURNAL = {Adances in Mathematics},
	VOLUME = {226},
	YEAR = {2011},
	NUMBER = {1},
	PAGES = {608--640},
}

@article {PilaudStump-brickPolytope,
	AUTHOR = {Vincent Pilaud and Christian Stump},
	TITLE = {Brick polytopes of spherical subword complexes and generalized associahedra},
	FJOURNAL = {Advances in Mathematics},
	JOURNAL = {Adv. Math.},
	PAGES = {1--61},
	VOLUME = {276},
	YEAR = {2015},
}

@article {Stella,
	AUTHOR = {Salvatore~Stella},
	TITLE = {Polyhedral models for generalized associahedra via {C}oxeter elements},
	JOURNAL = {J. Algebraic Combin.},
	FJOURNAL = {Journal of Algebraic Combinatorics. An International Journal},
	VOLUME = {38},
	YEAR = {2013},
	NUMBER = {1},
	PAGES = {121--158},
}

@unpublished {Hohlweg,
	AUTHOR = {Christophe~Hohlweg},
	TITLE = {Permutahedra and associahedra},
	NOTE = {Pages 129--159 in~{\cite{TamariFestschrift}}}
}

@article {HohlwegPilaudStella,
	AUTHOR = {Christophe Hohlweg and Vincent Pilaud and Salvatore Stella},
	TITLE = {Polytopal realizations of finite type $\mathbf{g}$-vector fans},
	FJOURNAL = {Advances in Mathematics},
	JOURNAL = {Adv. Math.},
	PAGES = {713--749},
	VOLUME = {328},
	YEAR = {2018},
}

% Cambrian lattices and fans

@article {Reading-HyperplaneArrangement,
	AUTHOR = {Reading, Nathan},
	TITLE = {Lattice and order properties of the poset of regions in a hyperplane arrangement},
	JOURNAL = {Algebra Universalis},
	FJOURNAL = {Algebra Universalis},
	VOLUME = {50},
	YEAR = {2003},
	NUMBER = {2},
	PAGES = {179--205},
}

@article {Reading-latticeCongruences,
	AUTHOR = {Nathan~Reading},
	TITLE = {Lattice congruences of the weak order},
	JOURNAL = {Order},
	FJOURNAL = {Order. A Journal on the Theory of Ordered Sets and its Applications},
	VOLUME = {21},
	YEAR = {2004},
	NUMBER = {4},
	PAGES = {315--344},
}

@article {Reading-cambrianLattices,
	AUTHOR = {Nathan~Reading},
	TITLE = {Cambrian lattices},
	JOURNAL = {Adv.~Math.},
	FJOURNAL = {Advances in Mathematics},
	VOLUME = {205},
	YEAR = {2006},
	NUMBER = {2},
	PAGES = {313--353},
}

@article {Reading-sortableElements,
	AUTHOR = {Nathan~Reading},
	TITLE = {Sortable elements and {C}ambrian lattices},
	JOURNAL = {Algebra Universalis},
	FJOURNAL = {Algebra Universalis},
	VOLUME = {56},
	YEAR = {2007},
	NUMBER = {3-4},
	PAGES = {411--437},
}

@article {Reading-HopfAlgebras,
	AUTHOR = {Reading, Nathan},
	TITLE = {Lattice congruences, fans and {H}opf algebras},
	JOURNAL = {J. Combin. Theory Ser. A},
	FJOURNAL = {Journal of Combinatorial Theory. Series A},
	VOLUME = {110},
	YEAR = {2005},
	NUMBER = {2},
	PAGES = {237--273},
}

@article {ReadingSpeyer,
	AUTHOR = {Nathan~Reading and David~E.~Speyer},
	TITLE = {Cambrian fans},
	JOURNAL = {J.~Eur.~Math.~Soc.},
	FJOURNAL = {Journal of the European Mathematical Society (JEMS)},
	VOLUME = {11},
	YEAR = {2009},
	NUMBER = {2},
	PAGES = {407--447}
}

@article {DermenjianHohlwegPilaud,
	AUTHOR = {Aram Dermenjian and Christophe Hohlweg and Vincent Pilaud},
	TITLE = {The facial weak order and its lattice quotients},
	JOURNAL = {Trans. Amer. Math. Soc.},
	FJOURNAL = {Transactions of the American Mathematical Society},
	VOLUME = {370},
	YEAR = {2018},
	NUMBER = {2},
	PAGES = {1469--1507},
}

@article {FreeseNation,
    AUTHOR = {Ralph Freese and J. B. Nation},
    TITLE = {Free lattices},
    JOURNAL = {Mathematical Surveys and Monographs},
    YEAR = {1995},
    VOLUME = {75},
    PAGES = {93--106}
}

@unpublished {Barnard,
	AUTHOR = {Emily Barnard},
	TITLE = {The canonical join complex},
 	NOTE = {Preprint, \href{http://arxiv.org/abs/1610.05137}{\texttt{arXiv:1610.05137}}}, 
	YEAR = {2016},
}

@article {BjornerEdelmanZiegler,
	AUTHOR = {Bj\"orner, Anders and Edelman, Paul H. and Ziegler, G\"unter M.},
	TITLE = {Hyperplane arrangements with a lattice of regions},
	JOURNAL = {Discrete Comput. Geom.},
	FJOURNAL = {Discrete \& Computational Geometry. An International Journal of Mathematics and Computer Science},
	VOLUME = {5},
	YEAR = {1990},
	NUMBER = {3},
	PAGES = {263--288},
}

% Barycenter

@article {PilaudStump-barycenter,
	AUTHOR = {Pilaud, Vincent and Stump, Christian},
	TITLE = {Vertex barycenter of generalized associahedra},
	JOURNAL = {Proc. Amer. Math. Soc.},
	FJOURNAL = {Proceedings of the American Mathematical Society},
	VOLUME = {143},
	YEAR = {2015},
    NUMBER = {6},
	PAGES = {2623--2636},
}

@article {HohlwegLortieRaymond,
	AUTHOR = {Christophe~Hohlweg and Jonathan~Lortie and Annie~Raymond},
	TITLE = {The centers of gravity of the associahedron and of the permutahedron are the same},
	JOURNAL = {Electron. J. Combin.},
	FJOURNAL = {Electronic Journal of Combinatorics},
	VOLUME = {17},
	YEAR = {2010},
	NUMBER = {1},
	PAGES = {Research Paper 72, 14},
}

% Representations

@article {GelfandPonomarev,
	AUTHOR = {Gelfand, Israel M. and Ponomarev, V. A.},
	TITLE = {Indecomposable representations of the {L}orentz group},
	JOURNAL = {Uspehi Mat. Nauk},
	FJOURNAL = {Akademiya Nauk SSSR i Moskovskoe Matematicheskoe Obshchestvo. Uspekhi Matematicheskikh Nauk},
	VOLUME = {23},
	YEAR = {1968},
	NUMBER = {2 (140)},
	PAGES = {3--60},
}

@article {ButlerRingel,
	AUTHOR = {Butler, M. C. R. and Ringel, Claus Michael},
	TITLE = {Auslander-{R}eiten sequences with few middle terms and applications to string algebras},
	JOURNAL = {Comm. Algebra},
	FJOURNAL = {Communications in Algebra},
	VOLUME = {15},
	YEAR = {1987},
	NUMBER = {1-2},
	PAGES = {145--179},
}

@unpublished {DemonetIyamaReadingReitenThomas,
	AUTHOR = {Laurent Demonet and Osamu Iyama and Nathan Reading and Idun Reiten and Hugh Thomas},
	TITLE = {Lattice theory of torsion classes},
 	NOTE = {Preprint, \href{http://arxiv.org/abs/1711.01785}{\texttt{arXiv:1711.01785}}}, 
	YEAR = {2017},
}

@unpublished {BrustleDouvilleMousavandThomasYildirim,
	AUTHOR = {Thomas Br\"stle and Guillaume Douville and Kaveh Mousavand and Hugh Thomas and Emine Y\i{}ld\i{}r\i{}m},
	TITLE = {On the combinatorics of gentle algebras},
 	NOTE = {Preprint, \href{http://arxiv.org/abs/1707.07665}{\texttt{arXiv:1707.07665}}}, 
	YEAR = {2017},
}

@article {AdachiIyamaReiten,
	AUTHOR = {Adachi, Takahide and Iyama, Osamu and Reiten, Idun},
	TITLE = {{$\tau$}-tilting theory},
	JOURNAL = {Compos. Math.},
	FJOURNAL = {Compositio Mathematica},
	VOLUME = {150},
	YEAR = {2014},
	NUMBER = {3},
	PAGES = {415--452},
}

@inproceedings {BrustleYang,
	AUTHOR = {Br\"ustle, Thomas and Yang, Dong},
	TITLE = {Ordered exchange graphs},
	BOOKTITLE = {Advances in Representation Theory of Algebras},
	PAGES = {135--193},
	EDITOR = {Eur. Math. Soc.},
	ADDRESS = {Z\"urich},
	YEAR = {2013},
}

@article {DehyKeller,
	AUTHOR = {Dehy, Raika and Keller, Bernhard},
	TITLE = {On the combinatorics of rigid objects in $2$-Calabi--Yau categories},
	JOURNAL = {Int. Math. Res. Not.},
	FJOURNAL = {International Mathematics Research Notices},
	YEAR = {2008},
	NUMBER = {11},
	PAGES = {Art. ID rnn029, 17},
}

@unpublished {EiseleJanssensRaedschelders,
	AUTHOR = {Eisele, Florian and Janssens, Geoffrey and Raedschelders, Theo},
	NOTE = {Preprint, \href{http://arxiv.org/abs/1603.04293}{\texttt{arXiv:1603.04293}}},
	TITLE = {A reduction theorem for $\tau$-rigid modules},
	YEAR = {2016}
}

@unpublished {DemonetIyamaJasso,
	AUTHOR = {Laurent Demonet and Osamu Iyama and Gustavo Jasso},
	NOTE = {Preprint, \href{http://arxiv.org/abs/1503.00285}{\texttt{arXiv:1503.00285}}},
	TITLE = {$\tau$-tilting finite algebras, $\b{g}$-vectors and brick-$\tau$-rigid correspondence},
	YEAR = {2015}
}

@article {CanakciSchroll,
	AUTHOR = {\c{C}anak\c{c}{\i}, \.{I}lke and Schroll, Sibylle},
	TITLE = {Extensions in {J}acobian algebras and cluster categories of marked surfaces},
	JOURNAL = {Adv. Math.},
	FJOURNAL = {Advances in Mathematics},
	VOLUME = {313},
	YEAR = {2017},
	PAGES = {1--49},
}

@article {AiharaIyama,
	AUTHOR = {Aihara, Takuma and Iyama, Osamu},
	TITLE = {Silting mutation in triangulated categories},
	JOURNAL = {J. Lond. Math. Soc. (2)},
	FJOURNAL = {Journal of the London Mathematical Society. Second Series},
	VOLUME = {85},
	YEAR = {2012},
	NUMBER = {3},
	PAGES = {633--668},
}

@article {WaldWaschbusch,
    AUTHOR = {Wald, Burkhard and Waschb\"usch, Josef},
     TITLE = {Tame biserial algebras},
   JOURNAL = {J. Algebra},
  FJOURNAL = {Journal of Algebra},
    VOLUME = {95},
      YEAR = {1985},
    NUMBER = {2},
     PAGES = {480--500},
}

@article {DonovanFreislich,
    AUTHOR = {Donovan, P. W. and Freislich, M.-R.},
     TITLE = {The indecomposable modular representations of certain groups
              with dihedral {S}ylow subgroup},
   JOURNAL = {Math. Ann.},
  FJOURNAL = {Mathematische Annalen},
    VOLUME = {238},
      YEAR = {1978},
    NUMBER = {3},
     PAGES = {207--216},
}

@unpublished {CanakciPauksztelloSchroll,
	AUTHOR = {\c{C}anak\c{c}{\i}, \.{I}lke and Pauksztello, David and Schroll, Sibylle},
	NOTE = {In preparation},
	TITLE = {On extensions for gentle algebras},
	YEAR = {2017}
}