
@article {ButlerRingel,
	AUTHOR = {Butler, M. C. R. and Ringel, Claus Michael},
	TITLE = {Auslander-{R}eiten sequences with few middle terms and applications to string algebras},
	JOURNAL = {Comm. Algebra},
	FJOURNAL = {Communications in Algebra},
	VOLUME = {15},
	YEAR = {1987},
	NUMBER = {1-2},
	PAGES = {145--179},
}

@unpublished {MannevillePilaud-accordion,
	AUTHOR = {Thibault Manneville and Vincent Pilaud},
	TITLE = {Geometric realizations of the accordion complex of a dissection},
 	NOTE = {Preprint, \href{http://arxiv.org/abs/1703.09953}{\texttt{arXiv:1703.09953}}}, 
	YEAR = {2017},
}

@unpublished {PaluPilaudPlamondon,
	AUTHOR = {Yann Palu and Vincent Pilaud and Pierre-Guy Plamondon},
	TITLE = {Non-kissing complexes and tau-tilting for gentle algebras},
 	NOTE = {Preprint, \href{http://arxiv.org/abs/1707.07574}{\texttt{arXiv:1707.07574}}}, 
	YEAR = {2017},
}

@unpublished {GarverMcConville,
	AUTHOR = {Alexander Garver and Thomas McConville},
	TITLE = {Oriented flip graphs and noncrossing tree partitions},
 	NOTE = {Preprint, \href{http://arxiv.org/abs/1604.06009}{\texttt{arXiv:1604.06009}}}, 
	YEAR = {2016},
}
